1700 3064
759 222 973 265 ...35-

275 337 426 393 prolem
448 352 554 389 esse3
584 353 672 381 nam
700 341 794 392 κόρος
815 357 899 383 non
921 355 1107 397 puerum,
1135 339 1205 380 sed
1235 354 1379 394 puram.
1402 338 1451 382 εἰ

274 410 459 460 integram
505 420 670 449 mentem
717 411 919 463 significat.
973 412 1128 451 Cronus
1165 419 1290 449 autem
1326 409 1447 448 Umi

275 477 378 518 filius
404 476 568 530 dicitur,
596 482 781 536 quoniam
807 491 982 534 aspectus
1007 479 1058 520 ad
1082 495 1223 535 supera
1247 489 1350 519 recte
1370 492 1448 518 vo-

273 556 384 587 catur
409 547 546 595 06vaae
569 563 618 587 ex
645 550 756 598 ὁρῶσαι
779 559 821 588 et
846 547 917 589 ἄνω
945 549 1017 605 (ι).
1045 549 1116 589 Est
1141 550 1256 600 igitur
1282 564 1329 589 ea
1342 547 1451 589 Jovis

272 623 410 654 natura
423 644 435 665 ,
462 627 505 656 ut
530 631 637 657 mens
663 618 713 657 sit
733 619 841 657 omni
855 617 939 659 labe
952 649 964 669 ‚
993 619 1106 660 omni
1121 619 1233 672 quasi
1247 617 1450 659 involucro

270 680 413 733 libera,
452 685 615 737 integris
657 685 848 725 instructa
882 683 1045 728 rationis
1082 687 1253 735 viribus3
1296 700 1449 740 semper

272 750 458 802 eoelestia,
486 753 645 803 νειωιι,
663 752 861 802 Pulcrum,
877 756 1025 795 Bonum
1040 755 1207 804 intuens,
1232 768 1447 808 eorumque

269 818 415 859 imbuta
453 818 564 858 ideis.
603 841 653 853 —-
690 821 794 863 Hinc
831 822 939 879 quod
978 823 1069 864 alibi
1107 823 1226 870 Λόγος
1264 823 1282 862 δ
1306 821 1451 863 πάντων

268 888 443 931 θειότατος
466 901 718 942 nuncupatur
743 905 874 930 rernm
900 892 1036 945 opifex
1061 892 1134 944 (α).
1162 892 1207 930 In
1233 904 1448 941 argumen-

268 954 316 995 tis
342 968 515 1011 quoque,
543 969 612 996 cur
637 957 708 997 Dei
734 958 833 1008 sint,
862 958 934 997 Dei
960 968 1101 998 natura
1122 972 1173 997 eo
1188 958 1421 1013 exprimitur
1431 985 1449 1008 ,.

268 1023 379 1078 quod
407 1026 555 1064 Auctor
580 1034 639 1065 est
662 1037 703 1066 et
729 1027 843 1066 Mens
870 1028 1001 1066 omnia
1026 1041 1232 1066 exornans.
1285 1027 1344 1064 Ex
1370 1026 1447 1065 hac

265 1093 396 1142 enim,
423 1107 556 1134 revera
582 1093 757 1136 divinam
782 1109 863 1135 esse
888 1105 1090 1145 naturam,
1117 1108 1217 1149 quae
1234 1093 1364 1134 omnia
1377 1107 1448 1145 ge-

264 1163 436 1210 neravit,
480 1164 597 1203 efficit
632 1165 795 1203 PLATO.
851 1164 1000 1203 Diserte
1040 1161 1146 1217 apud
1173 1164 1421 1202 PLATONEM
1434 1192 1449 1212 ,

264 1229 492 1270 Socnms
528 1231 801 1270 PnorAcho
839 1245 925 1271 rem
961 1230 1203 1270 demonstrat
1227 1231 1329 1269 hisce
1351 1244 1445 1278 ver·

264 1298 347 1337 bis:
377 1297 504 1338 SocR.
545 1299 692 1338 Omnes
716 1299 969 1337 consentiunt
984 1299 1174 1352 sapientes
1189 1299 1286 1348 viri,
1314 1300 1359 1343 ὥς
1370 1300 1447 1343 νοῦς

265 1365 341 1404 ἐστὶ
365 1365 542 1411 βασιλεὺς
567 1365 653 1411 ἡμῖν
677 1366 821 1412 οὐρανοῦ
844 1379 886 1403 τε
897 1364 959 1403 καὶ
974 1369 1059 1409 γῆς.
1110 1363 1220 1417 Quid
1232 1366 1362 1419 itaque
1377 1379 1448 1404 nos

265 1422 427 1473 dicimus
441 1464 454 1485 ,
511 1434 565 1472 mi
606 1433 915 1473 Pnonncnn?
986 1434 1090 1474 Num
1128 1431 1189 1473 his
1227 1431 1449 1487 adstipulari

265 1514 435 1543 mentem
460 1513 500 1543 et
525 1501 756 1556 sapientiam
782 1500 1048 1542 admirandam
1075 1502 1297 1543 universum
1317 1516 1451 1553 regere

262 1586 461 1613 censemus
472 1573 492 1612 2
547 1572 683 1612 Pno'r.
710 1571 886 1610 Mentem
905 1571 1039 1610 omnia
1052 1585 1245 1611 exornare
1261 1581 1302 1610 et
1314 1584 1449 1623 regere

262 1641 324 1683 vel
350 1641 455 1690 solis,
496 1640 622 1688 lunae,
664 1649 855 1679 astrorum
882 1638 999 1679 docet
1024 1651 1222 1694 aspectus,
1260 1650 1300 1679 et
1325 1640 1449 1680 omnis

263 1708 359 1750 coeli
386 1708 579 1748 circuitus.
619 1708 757 1763 Neque
782 1722 957 1762 unquam
985 1708 1093 1748 aliter
1120 1706 1245 1747 dicam
1274 1718 1339 1747 aut
1350 1721 1448 1748 sen-

262 1780 363 1819 tiam.
411 1778 537 1818 SOCR.
569 1778 707 1818 Οὐκοῦν
731 1778 768 1818 ἐν
791 1777 859 1825 μὲν
882 1775 930 1827 τῇ
952 1780 1014 1818 τοῦ
1040 1778 1124 1822 Διὸς
1145 1778 1231 1827 ἐρεῖς
1244 1777 1352 1827 φύσει
1375 1777 1451 1825 βω-

260 1848 397 1893 σιλικὺν
419 1847 487 1895 μὲν
508 1846 631 1896 ψυχὴν
646 1873 661 1893 a
687 1847 877 1894 βασιλικὸν
896 1846 934 1886 δὲ
959 1846 1281 1895 νοῦνὲγγίννεσθαιι
1305 1846 1365 1886 διὰ
1385 1845 1451 1891 τὴν

261 1920 324 1962 τῆς
348 1914 467 1960 αἶα-[ας
494 1915 641 1963 δύναμιν
654 1942 668 1962 ,
696 1915 732 1955 ἐν
759 1915 795 1955 δὲ
808 1913 932 1959 ἄλλοις
950 1913 1054 1955 ἄλλοι
1069 1914 1183 1959 καλά,
1206 1913 1328 1954 καθότι
1343 1913 1451 1971 φιλᾷν

259 1984 422 2027 ἑκάστοις
447 1983 631 2029 λέγεσθαι.
690 1982 907 2033 Invenimus
949 1983 1065 2034 igitur
1108 1982 1219 2038 quod
1257 1983 1441 2038 philoso-

260 2049 422 2107 phando
448 2050 745 2106 quaerebamus:
773 2049 826 2091 ὅτι
847 2053 923 2096 νοῦς
942 2051 1011 2100 μὲν
1035 2052 1156 2099 αἰτίοις
1180 2052 1256 2092 ἐστὶ
1269 2051 1447 2101 ξυγγενὴς

264 2123 326 2162 και)
353 2123 476 2163 τούτου
498 2123 626 2171 σχεδὸν
646 2125 710 2161 τοῦ
738 2122 860 2167 γένους
889 2120 961 2176 (8).

312 2191 448 2246 Itaque
488 2200 658 2235 mentem
698 2190 731 2230 si
771 2191 909 2243 cogites
936 2190 1267 2242 rerum‘omnium
1295 2204 1452 2230 causam

261 2259 496 2300 efficientem
523 2271 561 2300 et
586 2260 917 2312 gubernatricem,
945 2260 1069 2300 Deum
1081 2260 1200 2301 habes
1215 2260 1453 2305 PLAToms.

306 2358 358 2402 (a)
381 2358 532 2394 Curru.
553 2361 628 2402 396.
648 2360 686 2394 Β.

309 2417 361 2461 (2)
383 2418 477 2451 Erm.
496 2420 570 2459 986.
592 2418 627 2452 C.
647 2419 687 2452 cf.
708 2418 805 2452 Son«.
826 2418 901 2451 265.
921 2417 958 2451 C.

309 2474 361 2517 (5)
382 2474 519 2510 Pmu.
539 2475 592 2508 28.
610 2474 653 2517 1).
674 2475 710 2509 E.
734 2476 785 2508 30.
805 2475 844 2509 D.
868 2474 905 2505 E.
928 2474 981 2509 δι.
1003 2474 1042 2507 Α.
