1700 3064
753 214 963 262 ,ιγ-

265 324 387 364 mobis
421 324 603 378 praebeat
637 325 760 377 Deos,
803 328 931 384 quales
958 339 1088 369 veram
1122 323 1243 366 divini
1276 323 1440 362 numinis

273 402 454 432 naturam
487 407 569 432 non
595 393 776 436 referunt·

315 462 383 501 'Nc
414 473 537 502 tamen
554 463 593 503 in
607 470 798 504 summum
811 464 1093 520 Philosophum
1105 463 1221 502 simus
1234 459 1415 500 duriores
1429 488 1441 508 ‚

274 529 463 585 quaedam
500 532 799 572 animadvertere
827 547 899 572 nos
926 542 1102 588 oportet,
1145 530 1288 585 quibus
1317 527 1439 581 ipsius

271 611 494 649 argumento
540 615 820 641 succurramuS.
870 602 948 648 Ubi
985 604 1087 642 enim
1128 597 1413 640 consideramus
1428 625 1440 645 ,

273 666 418 719 Deum,
459 679 502 708 ut
526 670 569 707 in
602 668 771 707 Timaeo
799 670 935 724 exponi
963 681 1054 724 post
1080 667 1323 715 videbimus,
1351 679 1437 703 ma-

272 738 407 776 teriam
432 749 640 792 aeternam,
669 747 777 776 motu
801 737 1000 778 incondito
1027 740 1278 779 fluctuantem
1293 766 1305 786 ,
1338 747 1442 773 novo

271 816 308 843 et
333 804 467 844 divino
498 814 603 842 motu
629 806 679 843 ita
705 807 958 859 composuisse
975 837 985 856 ,
1010 818 1053 845 ut
1068 821 1234 861 corpora
1246 805 1442 844 orirentur

269 870 394 910 forma
420 869 621 919 distincta,
670 872 738 910 ubi
765 871 884 920 haec,
917 873 1102 925 inquam,
1135 871 1438 917 consideramus,

270 953 354 978 non
393 938 554 992 amplius
592 950 739 979 motum
778 941 947 993 primum
987 941 1178 979 immerito
1220 939 1314 978 adeo
1350 953 1439 978 cum

269 1008 518 1060 generationis
539 1008 665 1061 prima
682 1022 791 1047 causa
809 1008 997 1056 confundi
1013 1024 1236 1063 queremur.
1274 1006 1438 1057 Deinde,

269 1075 376 1131 quod
387 1091 540 1130 semper
555 1077 595 1115 in
610 1077 829 1124 Pru-‚oms
843 1076 1002 1129 dialogis
1017 1076 1214 1117 attendere
1229 1091 1300 1115 nos
1313 1089 1438 1130 opor-

270 1160 351 1198 tet,
378 1149 572 1197 homines,
604 1147 652 1186 ad
681 1162 780 1201 quos
807 1148 930 1187 oratio
962 1148 1216 1197 convertitur,
1246 1161 1327 1185 non
1351 1155 1440 1184 sunt

266 1216 324 1256 illi
350 1216 546 1270 discipuli,
586 1218 666 1256 veri
688 1205 972 1265 studiosissimi,
1002 1217 1235 1271 quibuscum
1260 1212 1440 1253 meliores

266 1301 348 1326 suas
376 1284 426 1324 de
450 1286 530 1325 Deo
552 1285 758 1324 sententias
781 1285 1058 1323 communicare
1079 1284 1257 1324 studebat
1275 1284 1438 1322 PLA'ro.

266 1355 369 1393 Sunt
393 1353 450 1391 illi
476 1353 534 1393 vel
562 1352 799 1406 philosophi,
826 1362 906 1400 aut,
933 1353 964 1390 si
989 1353 1121 1399 mavis,
1149 1351 1352 1405 sophistae,
1380 1349 1440 1390 vel

267 1420 317 1461 de
346 1420 489 1476 populo
516 1420 713 1469 homines,
741 1421 782 1459 in
814 1422 963 1461 civitate
989 1420 1284 1460 Atheniensium
1300 1419 1437 1476 viven-

266 1501 348 1540 tes,
392 1505 489 1545 quos
528 1504 572 1530 eo
610 1501 762 1529 tantum
786 1488 980 1529 adducere
1007 1490 1158 1530 volebat
1185 1490 1353 1535 PLATO,
1396 1498 1441 1526 ut

263 1560 392 1608 Deos,
438 1574 535 1613 quos
565 1559 748 1599 Graeciae
783 1558 906 1599 colere
940 1555 1127 1610 jubebant
1153 1557 1278 1609 leges,
1308 1571 1441 1596 revera

263 1642 343 1667 esse
371 1626 591 1667 crederent.
634 1626 856 1666 Dummodo
884 1627 1030 1676 solem,
1058 1627 1191 1665 lunam
1220 1636 1260 1664 et
1288 1637 1439 1664 caetera

265 1710 362 1751 quos
387 1697 471 1750 ipse
499 1697 542 1735 in
574 1696 742 1737 Timaeo
771 1695 955 1743 γεννήτους
979 1694 1076 1735 dicit
1102 1696 1219 1743 θεοὺς,
1249 1709 1270 1731 a
1286 1706 1437 1732 summo

264 1766 346 1803 Deo
371 1775 517 1802 creatos
543 1766 695 1817 imperii
723 1765 941 1812 ministros,
971 1766 1073 1803 Deos
1100 1778 1179 1802 esse
1205 1764 1435 1817 probasset,

263 1832 336 1886 ipsi
365 1831 518 1885 suisque
547 1831 604 1869 via
634 1832 787 1884 patebat
813 1831 916 1871 haud
945 1831 1135 1881 difficilis,
1169 1831 1248 1886 quii
1276 1830 1327 1870 ad
1356 1832 1440 1871 veri

262 1901 334 1939 Dei
361 1898 636 1940 adscenderent
662 1900 868 1941 notionem.

314 1969 421 2009 Licet
460 1969 575 2020 igitur
615 1983 695 2009 non
731 1969 854 2008 omnis
881 1970 932 2008 ita
960 1969 1128 2008 diluatur
1161 1969 1436 2024 reprehensio,

261 2038 472 2089 argumenti
511 2048 638 2077 tamen
677 2039 776 2077 ratio
819 2037 943 2077 multis
983 2039 1062 2088 jam
1103 2039 1322 2077 nominibus
1350 2037 1436 2076 lau—

260 2105 389 2146 danda
415 2106 579 2147 videtur.
629 2106 710 2145 Hoc
737 2120 828 2146 vero
857 2122 1009 2161 semper
1036 2108 1078 2145 in
1105 2107 1172 2146 illo
1206 2108 1435 2159 vituperan-

260 2173 355 2214 dum
382 2186 519 2223 restat,
548 2173 655 2230 quod
684 2175 809 2214 minus
837 2175 974 2230 populi
999 2176 1128 2230 captui
1143 2175 1260 2213 fuerit
1278 2188 1434 2213 accom-

259 2242 473 2292 modatum,
505 2244 769 2299 vulgaremque
797 2244 901 2284 haud
925 2244 1043 2283 dubie
1060 2244 1298 2296 superaverit
1315 2242 1434 2282 intel-

257 2311 399 2350 lectum
428 2313 497 2366 (1).
508 2348 510 2350 .
555 2315 699 2354 Verum
737 2328 864 2368 neque
893 2329 912 2351 a
939 2314 1147 2352 PLATONE
1178 2312 1292 2350 nimis
1320 2312 1438 2351 multa

297 2415 349 2453 (ι)
371 2412 434 2442 Hoc
454 2412 574 2443 nomine
593 2413 762 2454 argumenti
778 2424 869 2453 genus
884 2412 959 2443 illud
967 2412 1158 2453 reprehendit
1166 2424 1280 2456 quoque
1291 2414 1437 2446 Kanrrus

254 2466 291 2497 in
319 2466 432 2500 Vorles.
455 2465 529 2497 uber
549 2466 600 2496 die
621 2467 997 2511 Philos.Re'lig.z‚e!1re
1017 2479 1047 2510 p.
1070 2479 1124 2512 ²7·

1065 2527 1095 2566 2
