1700 3064
728 290 968 330 ——104-·-

262 410 345 454 τοὺς
380 411 507 455 τόπους
535 408 742 458 συνωρχούω
765 410 814 458 τῷ
838 409 1001 459 mles-43
1026 410 1181 456 Δαίμονι
1195 435 1209 456 ‚
1249 419 1293 452 ut
1318 419 1377 453 est
1402 408 1442 450 in

266 480 446 520 Politico
474 478 546 531 (ι).
1149 496 1151 499 ·

300 547 398 588 Sed
424 547 543 597 magis
568 547 708 588 incerti
735 528 959 596 haeremus,
995 547 1064 585 ubi
1090 544 1141 585 de
1169 546 1312 587 horum
1338 521 1442 587 Deo-

263 624 352 659 rum
378 624 509 653 mente
537 615 779 670 quaerimus.
804 615 877 654 In
891 609 1115 667 generando.
1139 627 1301 667 operam
1315 619 1445 656 eorum

263 683 530 737 respicientes,
557 698 638 723 non
663 694 809 737 potest,
823 686 930 740 -quin
945 685 1084 728 mentis
1101 683 1198 724 vires
1214 682 1445 737 debiliores,

264 751 319 796 ad*
341 753 487 803 majora
514 762 769 807 quaecunque
798 752 924 792 minus
951 765 1058 807 aptas
1085 753 1301 804 cogitemus.
1347 753 1447 791 Cum

265 831 405 865 tamen
426 821 548 860 ubivis
576 831 655 859 tam
682 822 804 861 Deum
830 835 1037 872 summum,
1066 836 1185 877 quam
1197 822 1295 862 Deos
1312 820 1445 860 mino-

267 904 330 930 res
352 891 502 936 beatos,
532 888 704 946 pulcros,
733 890 925 944 sapientes
943 890 1050 929 dieat
1064 888 1125 944 (2)
1152 892 1322 939 PLATO‚
1350 903 1445 928 ean·-

267 956 360 996 dem
397 954 550 996 videtur
590 956 771 999 tribuisse
795 958 973 1013 utrisque
1001 959 1140 998 mentis
1167 957 1446 1012 praestantiam.

266 1025 353 1067 Hoc
376 1026 491 1065 etiam
516 1024 654 1066 suadet
678 1027 801 1076 ratio,
830 1042 906 1081 qua
933 1028 977 1067 in
1003 1028 1168 1080 Legum
1192 1022 1342 1067 decimo
1356 1037 1447 1066 om-

267 1093 332 1134 nia
369 1104 470 1132 astra
506 1094 609 1133 Deos
645 1104 725 1133 esse
768 1092 895 1134 efficit.
949 1094 1104 1135 Scilicet
1140 1108 1274 1134 eorum
1305 1094 1451 1134 animos
1502 1116 1505 1118 ·

270 1163 379 1204 omni
405 1164 545 1204 virtute
572 1163 777 1205 instinctos
803 1163 999 1203 bonorum
1025 1178 1152 1204 causas
1170 1174 1259 1203 esse
1279 1173 1449 1203 conten-

270 1231 331 1270 dit
358 1231 429 1282 (3).
470 1231 610 1271 Nescio
639 1232 755 1280 igitur
771 1230 866 1279 fere,
895 1246 974 1283 quo
996 1245 1058 1269 me
1074 1242 1233 1271 vertam.
1273 1230 1353 1270 Sed
1365 1245 1450 1280 age,

270 1298 560 1341 consideremus
570 1328 583 1349 ,
606 1300 851 1354 inquiramus
868 1314 1005 1340 eorum
1019 1301 1167 1349 γένεσιν.
1205 1302 1255 1341 In
1270 1315 1318 1340 ea.
1328 1313 1448 1339 enar-

269 1368 391 1408 randa
403 1370 568 1409 certiora
579 1368 738 1408 forsitan
758 1367 869 1408 dedit
883 1369 1152 1423 Philosophus.
1167 1379 1214 1399 -⁴—
1241 1371 1345 1409 Deus
1362 1383 1452 1408 cum

234 1435 236 1438 ’
270 1434 492 1478 Mundum'
518 1435 625 1476 hunc
672 1436 804 1476 omnia
843 1437 1043 1477 continere
1084 1436 1219 1487 vellet,
1273 1437 1374 1492 quae
1409 1437 1453 1475 in

272 1506 451 1561 perfecto
491 1506 638 1546 aeterni
673 1504 814 1545 mundi
855 1506 1061 1560 exemplari
1099 1508 1221 1546 inesse
1248 1506 1453 1554 cernebat,

275 1585 442 1631 quatuor
467 1574 585 1613 etiam
600 1563 863 1613 'animantium
890 1588 1034 1626 genera
1060 1572 1228 1613 creanda
1253 1581 1335 1613 esse
1351 1587 1451 1613 con-

272 1645 407 1685 stituit.
446 1644 532 1697 Ipse
558 1642 654 1682 adeo
672 1642 720 1682 ad
743 1642 865 1684 divini
883 1645 1033 1694 generis
1046 1643 1229 1683 fabricam
1243 1641 1455 1693 decedens,

270 1711 397 1752 ideam
423 1713 506 1763 ejus
521 1712 573 1751 ita
590 1712 791 1766 expressit,
819 1722 865 1750 ut
886 1726 932 1750 ex
950 1712 1036 1762 igne
1052 1714 1214 1751 maxime
1229 1725 1273 1751 ea
1287 1725 1453 1764 compo-

273 1794 411 1832 neret,
441 1797 520 1837 quo
546 1780 820 1836 splendidiora
847 1793 888 1821 et
915 1783 997 1821 visu
1024 1781 1291 1836 pulcherrima
1318 1792 1453 1821 essent.

276 1847 501 1889 Rotundam
534 1847 675 1888 mundi
700 1849 746 1887 iis
774 1846 886 1887 dedit
912 1848 1088 1888 formam.
1141 1849 1291 1888 Animis
1318 1861 1456 1888 eorum

279 1933 366 1958 eum
402 1917 511 1958 dedit
547 1929 714 1968 motum,
743 1918 811 1972 qui
837 1916 946 1957 idem
971 1931 1123 1972 semper
1147 1919 1300 1973 sibique
1325 1917 1458 1958 similis

279 1998 359 2036 est,
388 1997 427 2025 et
450 1989 492 2026 in
519 1987 607 2027 talia
633 2001 788 2041 semper
814 1987 954 2026 mentis
979 1988 1100 2026 aciem
1116 1985 1317 2026 intendere
1332 1986 1456 2037 jussit,

277 2070 403 2111 eaque
440 2057 551 2109 sequi
578 2055 649 2108 (4).
700 2056 774 2095 Per
811 2066 938 2096 totum
976 2055 1125 2096 coelum
1162 2070 1205 2095 ea
1231 2055 1455 2103 distribuit,

276 2137 323 2166 ut
348 2125 443 2165 huic
470 2138 580 2164 verus
606 2124 806 2165 accederet
821 2136 993 2166 ornatus.
1035 2124 1202 2177 Singulis
1230 2135 1358 2164 autem
1374 2121 1454 2162 du·-

320 2254 372 2295 (1)
393 2254 473 2285 Por..
496 2262 569 2294 272.
591 2251 627 2283 E.
1176 2297 1177 2300 Ἰ

324 2310 375 2352 (2)
397 2309 497 2342 conv.
524 2311 592 2350 ¹95.
613 2305 747 2340 A.‘2o2.
770 2304 805 2337 C.
828 2305 903 2337 204.
927 2307 961 2337 A.
984 2304 1135 2336 Panna.
1157 2303 1229 2343 278.
1252 2302 1292 2336 1).

325 2366 377 2409 (3)
398 2367 478 2399 Lm.
498 2365 534 2398 X.
556 2366 629 2406 899.

324 2429 375 2471 (4)
398 2429 433 2460 ln
454 2428 577 2460 Graecis
598 2434 657 2459 est:
681 2419 798 2463 τίθησί
819 2433 860 2456 τε
888 2417 937 2459 εἷς
961 2416 1026 2459 τὴν
1050 2416 1111 2454 τοὺ
1136 2416 1321 2463 κρατίστου
1334 2416 1459 2463 Φρόνη-

281 2493 333 2517 σιν
355 2477 472 2525 ἐκείνῳ
499 2474 741 2522 ξυνεπόμενον.
781 2479 862 2511 Haec
879 2476 1065 2519 explicantur
1082 2488 1097 2508 e
1114 2476 1211 2509 verbis
1227 2477 1459 2511 Tuamsssa).
