1700 3064
795 350 850 360 ...
880 326 1037 371 1⁴⁶4—-

334 448 437 490 cense
474 450 595 489 Deum
626 445 782 487 ‘PLA'ro
803 444 890 495 -eitt,
922 444 954 487 ·‹'‹
975 446 1032 487 ἵνα
1056 447 1121 488 τῆς
1140 444 1272 487 ’ἔπειτα
1286 445 1347 491 »εἵη
1366 444 1501 489 κακίας

334 520 491 558 ἑκάστων
512 516 666 560 άναίτιος
679 514 706 534 ”
732 514 803 568 (1).
837 557 841 560 Δ
858 529 863 544 -·
880 528 882 532 ·

386 586 493 624 Patet
510 583 655 637 itaque,
670 586 744 625 nisi
754 583 898 634 egregie
910 581 1038 632 fallor,
1052 581 1174 629 νόμους
1183 580 1266 625 τοὺς
1276 581 1504 632 εἱμαρμένούᾲ

334 669 355 692 a
369 653 580 692 PLATONE
599 652 675 692 dici
687 653 802 703 leges,
817 665 909 705 quas
924 651 1006 705 ipse
1025 651 1124 689 Deus
1140 649 1363 698 sanciverant,
1381 663 1501 705 quas-

335 735 410 776 que
422 722 506 776 ipse
518 732 639 762 certas
649 721 981 775 immutabilesque
996 733 1076 759 esse
1086 716 1219 768 voluit3
1235 717 1355 766 νόμους
1363 720 1445 764 τοὺς
1457 719 1505 760 εἱ-

324 791 533 840 μαρμένους
547 792 612 830 ὑπὸ
624 794 684 830 τοῦ
698 793 786 830 θεοῦ.
814 790 878 831 Nil
904 786 1009 829 enim
1036 790 1111 838 nisi
1136 788 1263 842 ipsum
1284 786 1358 826 Dei
1369 787 1505 825 consi·
1569 831 1575 834 ι

334 854 444 906 lium,
454 856 536 909 ipsa
545 857 615 895 Dei
628 856 742 896 volun
748 868 800 908 tes
812 859 907 898 vitae
915 857 1064 897 suturae
1074 867 1193 897 sortes
1201 853 1353 903 definit,
1360 867 1503 894 secun-

338 922 432 961 dum
444 923 703 974 ΡιΑΤοΝΕΜς
723 924 779 964 nil
794 926 868 964 nisi
894 926 966 965 Dei
980 939 1086 964 amor
1107 924 1201 965 boni
1217 937 1328 962 causa
1341 932 1411 972 est,
1435 935 1506 961 cur

333 993 507 1031 Deorum
535 991 654 1032 cultui
679 991 775 1033 adeo
794 993 951 1034 deditus
962 993 1009 1034 sit
1020 993 1154 1042 homo,
1172 1007 1250 1033 cur
1263 988 1505 1031 tantumdem

333 1060 529 1098 honorum
543 1075 675 1100 omnes
686 1063 811 1101 sortiti
825 1064 916 1101 sint.
930 1064 1009 1102 Nec
1026 1060 1131 1101 aliud
1145 1060 1241 1115 quid
1253 1059 1388 1098 suadet
1400 1073 1503 1098 con-

333 1127 407 1170 silii
430 1130 590 1180 mentio,
619 1145 738 1185 quare
756 1132 891 1170 omnia
914 1130 978 1171 iila
1003 1129 1198 1170 edocuerit
1218 1129 1366 1169 animos
1389 1128 1505 1168 Dens.

333 1195 467 1236 Noluit
489 1198 563 1235 sibi
586 1197 774 1236 malorum
798 1198 957 1251 culpam
996 1211 1098 1247 esse3
1139 1198 1315 1249 exposuit
1348 1197 1504 1249 itaque,

332 1274 537 1320 antequam
553 1265 651 1306 vitae
674 1280 812 1306 munus
838 1266 1115 1306 nanciscuntur
1142 1264 1283 1316 animi,
1309 1265 1408 1305 vitae
1434 1277 1503 1303 n-

334 1333 480 1373 tionem
505 1335 700 1389 variasque
724 1346 860 1375 sortes.
1512 1339 1515 1341 ’

381 1401 461 1442 Sed
491 1402 584 1442 -aliis
625 1418 782 1459 quoque
812 1405 855 1444 in
877 1404 973 1445 iocis
998 1404 1048 1445 de
1072 1404 1153 1445 fato
1177 1402 1405 1452 disserentes
1422 1416 1502 1442 eu-

331 1468 502 1517 diamus,
548 1487 647 1526 quos
677 1472 827 1512 inducit
854 1475 1026 1523 PLATO‚
1060 1475 1211 1512 amicos.
1261 1473 1312 1511 In
1339 1472 1503 1524 Legum

331 1537 437 1578 libro
457 1537 633 1589 decimo,
660 1543 681 1587 ἧ
706 1546 769 1586 τῆς
794 1542 1008 1591 ε’ἱμαρμένης
1029 1542 1131 1590 τάξις
1155 1540 1216 1581 καὶ
1241 1540 1341 1588 νόμος
1357 1538 1499 1578 dicun-

333 1616 398 1645 tur
429 1606 576 1646 ordinis
603 1609 646 1646 in
673 1610 848 1648 universi
877 1610 1015 1648 natura
1041 1609 1166 1659 leges,
1207 1607 1340 1662 quales
1378 1622 1499 1646 exco-

329 1673 460 1725 gitavit
496 1674 610 1716 Deus.
667 1675 822 1716 Scilicet
859 1676 1090 1728 excogitasse
1128 1686 1328 1725 narratur,
1375 1674 1502 1730 quales

327 1742 436 1779 locos
471 1756 684 1797 occupare,
727 1744 881 1799 qualem
921 1755 1095 1783 naturam
1120 1745 1225 1783 serre
1253 1743 1399 1793 singula
1425 1743 1500 1782 de-

328 1809 497 1863 berent,
548 1822 595 1853 ut
646 1813 826 1855 Universi
875 1812 977 1854 salus
1029 1813 1193 1853 maxime
1236 1810 1498 1863 stabilireturg

328 1881 462 1918 omnia
505 1881 622 1931 igitur
656 1882 724 1922 illo
755 1883 894 1922 ordine
917 1883 1206 1930 μεταβάλλοντα
1229 1883 1376 1931 Φέρεται
1402 1883 1501 1921 κατὰ

327 1946 391 1992 τῆν
415 1951 478 1993 ’τῆς
501 1948 714 1999 εἱμαρμένης
739 1951 842 1999 τάξιν
867 1950 929 1991 καὶ
967 1951 1068 1999 νόμον
1107 1949 1178 2006 (2).
1219 1951 1268 1990 In
1306 1949 1500 1990 Phaedro

329 2012 532 2054 Adrasteae
561 2018 625 2056 lex
650 2030 731 2057 est:
772 2021 992 2074 quicunque
1022 2022 1183 2069 animus,
1217 2021 1342 2059 Deumv
1369 2032 1501 2058 comes

326 2091 501 2133 secutuS,
538 2081 618 2123 veri
658 2085 754 2141 quid
794 2083 953 2128 intuitus
979 2098 1063 2137 est,
1110 2101 1232 2143 usque
1262 2086 1312 2126 ad
1336 2085 1500 2126 alterum

324 2152 501 2191 Deorum
535 2152 734 2194 circuitum
776 2156 919 2197 salvus.
942 2159 1019 2204 sit;
1064 2151 1121 2205 en*
1163 2158 1195 2197 si
1234 2168 1386 2207 semper
1424 2154 1499 2194 hoc

324 2218 448 2258 facere
471 2219 621 2274 possit,
664 2234 817 2275 semper
841 2224 889 2263 sit
914 2223 1142 2272 incolumis3
1188 2223 1249 2261 sin
1277 2232 1404 2262 autem
1427 2235 1495 2261 ve—

323 2302 413 2326 rum
458 2288 697 2342 assequendo
719 2290 866 2342 imper,
899 2291 999 2331 illud
1025 2306 1107 2330 non
1139 2289 1307 2340 viderit,
1335 2302 1374 2330 et
1409 2305 1499 2330 casu

326 2354 500 2410 quodam
518 2355 719 2396 oblivionis
734 2367 851 2412 atque
870 2360 1063 2412 pravitatis
1074 2357 1210 2411 plenus
1221 2369 1469 2412 gravatusque
1482 2388 1495 2408 ‚

326 2422 402 2462 alas
422 2424 585 2462 amiserit
608 2436 646 2464 et
674 2426 717 2463 in
751 2436 894 2465 terram
920 2425 1135 2477 deciderit,
1165 2426 1227 2467 lex
1255 2438 1338 2478 est,
1367 2436 1411 2466 ut
1432 2426 1495 2466 ille

323 2491 452 2546 prim&
491 2495 736 2543 generatione
772 2509 851 2534 non
883 2495 925 2534 in
963 2495 1064 2535 ferae
1093 2494 1293 2550 cujusdam
1320 2507 1496 2536 naturam

364 2592 415 2633 (ι)
438 2593 512 2624 Tm.
538 2593 589 2633 41.
615 2594 649 2626 E.
671 2610 712 2618 -
731 2596 785 2627 42.
807 2596 845 2629 n.

362 2648 413 2690 (α)
434 2649 513 2683 tna.
535 2649 569 2682 x.
592 2652 661 2691 904.
687 2651 721 2681 B.
745 2669 785 2675 -
807 2651 844 2684 n.
