1700 3064
755 288 1000 326 -116—

213 409 216 412 ’
275 417 443 447 mortem
471 409 506 446 ei
534 405 690 459 peperit.
741 406 994 460 Quapropter
1025 405 1137 444 fratri
1163 406 1287 458 dixit,
1314 421 1353 447 se
1377 408 1456 458 jam

276 479 507 517 moriturum
535 488 643 522 esse,
678 475 863 527 quoniam
890 473 983 514 mihi
1012 471 1318 527 fidemnegarat
1344 474 1416 530 (1).

331 544 515 584 Similiter
555 542 671 592 alibi,
719 543 830 597 quod
871 560 892 582 a
931 543 1048 582 rebus
1076 541 1243 595 publicis
1281 544 1457 594 gerendis

275 614 514 654 abstinuisset
541 626 718 666 semper,
749 612 854 652 hanc
871 610 1003 652 reddit
1025 625 1174 650 causam
1199 609 1464 665 SOCRATEsx·

273 682 397 736 τούτου
430 681 467 720 δὲ
494 680 604 719 αἴτιόν
630 680 747 726 ἐστιν,
787 676 803 719 ὃ
840 680 941 727 ὑμεῖς
966 681 1050 727 ἐμοῦ
1076 678 1263 722 πολλάκις·
1276 680 1459 724 ἀκηκόατε

272 753 465 800 πολλαχοῦ
491 749 678 794 λέγοντος,
697 748 757 788 -ὅ’τι
782 764 841 796 μοι
858 749 942 788 θεῖόν
954 764 990 789 τι
1003 749 1063 788 καὶ
1080 748 1249 796 δαιμόνιον
1267 749 1450 794 γίγνεται,

273 814 290 857 ὃ
325 818 367 861 δὴ
403 812 465 856 καὶ
497 818 532 856 ἐν
570 822 615 865 τῇ
652 821 781 865 γραφῇ
807 818 1041 865 ἐπικωμῳδῶν
1066 817 1222 860 Μέλιτος
1250 815 1465 865 ἐγράψατο.-

272 885 374 923 Mihi
403 899 493 923 vero
527 884 598 923 boc
626 900 647 922 a
676 886 806 938 pueris
834 884 971 934 adest3
1016 900 1089 924 vox
1119 884 1329 939 quaedam,
1359 898 1456 938 quae

270 962 405 991 exorta
444 946 502 991 ἀεὶ
523 951 734 1001 ,ἀποτρέπει
770 968 818 999 με
854 953 977 992 τούτου
1002 951 1024 991 ὅ
1045 951 1090 991 ἂν
1116 953 1237 999 μέλλω
1266 951 1455 1001 πράττειν,

270 1021 453 1071 προτρέπει
479 1022 515 1062 δὲ
541 1021 683 1062 οὔποτε.
728 1022 834 1061 Haec
855 1021 948 1061 mihi
960 1021 1195 1072 adversatur,
1222 1037 1272 1061 ne
1290 1036 1349 1061 res
1368 1037 1450 1076 pu-

269 1090 392 1130 blicas
433 1107 556 1143 agam.
614 1093 665 1130 Et
708 1091 840 1145 pulcre
880 1091 1090 1131 admodum
1127 1092 1225 1131 mihi
1265 1090 1455 1131 adversari

269 1160 436 1201 videtur.
464 1161 573 1210 Nam,
595 1161 857 1208 novistis‚-viri
877 1159 1177 1208 Athenienses!‚
1207 1156 1288 1212 jam
1305 1159 1455 1199 dudum

269 1241 446 1270 mortuus
487 1230 667 1275 fuissem,
710 1231 741 1268 si
777 1229 824 1267 ad
865 1229 1151 1283 rempublicam
1192 1230 1451 1278 accessissem,

267 1313 341 1339 nec
371 1300 477 1339 vobis
504 1310 570 1338 aut
598 1299 696 1338 mihi
726 1298 969 1338 commodum
997 1298 1202 1338 attulissem
1229 1298 1353 1338 ullum
1383 1299 1453 1353 (2).

320 1367 482 1421 Saepius
512 1379 617 1407 certe
646 1369 820 1415 εἰρωνικῶς
847 1368 900 1406 ita
925 1366 1076 1406 locutus
1104 1379 1163 1407 est
1190 1367 1449 1417 SocRA'rEs;

265 1437 356 1491 Ipsa
383 1436 482 1475 haec
509 1436 551 1474 iu
580 1434 768 1490 Apologia
797 1435 933 1482 verba,
956 1436 1008 1475 ita
1034 1435 1193 1475 fortasse
1220 1434 1324 1475 dicta
1350 1445 1452 1475 sunt.

269 1505 454 1544 Attamen
498 1514 638 1542 temere
665 1505 740 1554 agit
756 1534 767 1552 ‚
809 1505 879 1559 qui
906 1505 1027 1558 ipsam
1055 1519 1138 1543 rem
1165 1503 1253 1544 ideo
1281 1505 1452 1554 rejiciam

269 1588 345 1612 nec
371 1588 543 1628 unquam
567 1572 814 1613 SOCRATEM
831 1603 843 1622 ‚
869 1587 949 1612 esse
979 1571 1222 1612 daemonium
1250 1572 1337 1623 tale,
1366 1587 1454 1612 cre-

267 1640 411 1680 didisse
442 1639 665 1679 contendat.
708 1640 833 1694 Ipsius
861 1641 899 1678 in
935 1641 1103 1693 leeage
1126 1655 1251 1681 sermo
1269 1640 1451 1680 luculen-

266 1722 323 1750 ter
350 1724 434 1749 rem
463 1724 623 1761 arguere
651 1707 819 1748 videtur.

318 1777 440 1832 Quod
469 1790 595 1817 autem
622 1776 671 1816 ad
702 1777 920 1817 universam
942 1777 991 1817 de
1007 1779 1271 1819 Daemonibus
1289 1773 1449 1819 senten-

266 1848 361 1886 tiam
387 1848 550 1895 attinet,
581 1847 833 1885 consentiunt
859 1846 939 1886 fere
967 1848 1168 1888 nobiscum
1198 1849 1451 1903 Interpretes.

267 1915 561 1954 PLUTARCHUS
601 1914 745 1954 diserte
786 1914 836 1954 de
864 1915 1022 1956 Platone
1052 1928 1211 1957 testatur
1240 1917 1325 1972 (5),
1365 1932 1452 1957 eum

267 1997 404 2023 revera
432 1984 642 2022 Daemones
670 1998 753 2023 esse
775 1983 1039 2038 perhibuisse.
1080 1984 1199 2039 Quod
1227 1997 1350 2025 autem
1378 1985 1452 2024 alio

263 2052 354 2092 loco
398 2052 476 2091 ait:
519 2053 647 2102 genios
675 2066 754 2092 esse
783 2053 955 2102 animos,
984 2064 1074 2093 ortu
1101 2054 1283 2095 liberatos
1310 2064 1351 2093 et
1379 2067 1446 2092 va-

302 2154 355 2196 (ι)
379 2154 547 2186 Tamus.
577 2153 647 2186 ¹28.
668 2152 705 2185 B.
722 2169 762 2177 —
788 2164 857 2194 ¹29·
879 2154 919 2186 D.

303 2209 355 2251 (a)
378 2212 519 2242 Aroma.
543 2208 596 2241 31.
617 2207 657 2239 D.
679 2207 714 2239 E.
745 2205 793 2238 cf.
814 2218 904 2248 porro
927 2208 1077 2240 Tama-r.
1103 2209 1172 2240 150.
1193 2206 1233 2238 D.
1253 2221 1294 2230 -
1317 2207 1388 2239 151.
1409 2205 1447 2238 B.

258 2265 410 2298 Panna.
427 2264 502 2304 252.
521 2264 560 2295 Β.
576 2263 610 2296 C.
628 2263 762 2295 Clenna.
781 2263 912 2293 Divina.
928 2263 952 2295 1.
963 2264 1016 2296 54.
1032 2264 1177 2295 Xanorn.
1195 2261 1319 2293 Memor.
1338 2262 1364 2296 1.
1379 2272 1405 2293 ι.
1416 2260 1447 2300 4.

259 2320 319 2353 Hic
350 2321 430 2351 enim
460 2320 568 2351 diserte
590 2320 698 2358 etiam,
724 2325 755 2349 et
784 2317 863 2349 serio
892 2329 980 2359 quam
1001 2318 1128 2349 maxime
1149 2316 1185 2347 de
1207 2317 1368 2348 Daemonio
1391 2317 1452 2348 So-

258 2387 375 2409 cu‘ris
396 2375 538 2417 loquitur.
587 2374 667 2407 Illud
689 2382 788 2407 tamen
811 2373 965 2414 impulisse
985 2383 1100 2415 quoque
1121 2372 1315 2414 Secum-nn,
1336 2380 1449 2405 narrat.

260 2432 402 2475 Explicat
424 2443 441 2463 a
463 2431 618 2464 varomz
639 2431 804 2463 dissensum
826 2430 1041 2467 Scamnum,
1062 2429 1093 2460 in
1115 2428 1191 2460 nord
1211 2428 1247 2461 ad
1269 2429 1378 2461 locum.

299 2488 351 2531 (5)
372 2488 455 2521 mae.
475 2487 591 2521 Phnos.
613 2488 638 2521 L
662 2488 692 2518 s,
