1700 3064
736 266 954 304 ...5...

261 381 357 422 dum
394 380 692 424 adversariorum
724 382 889 423 rationes
925 365 1077 437 experti
1112 391 1174 421 et
1168 380 1331 422 insidias
1368 382 1430 422 le·-

261 451 346 491 vius
377 448 434 491 de
470 465 513 490 re
546 451 641 491 sibi
656 451 845 490 minime
841 449 991 491 dubia:
1003 451 1188 500 ειιιιιέιιιιγ
1219 448 1329 489 facile
1356 464 1435 489 esse

260 529 377 575 putat
397 528 486 562 vere
513 519 668 568 dicere,
687 520 799 559 Deos
826 534 933 560 esse.-
964 519 1020 558 In
1025 519 1139 559 Creta
1154 519 1341 559 nimirum
1355 533 1436 558 non

261 588 471 639 agebantur
493 601 629 629 omnes
653 586 741 626 illae
770 590 1023 643 quaestiones.
1084 588 1181 636 Res,
1226 602 1319 642 quas
1347 601 1436 626 om-

258 657 366 697 nium
393 654 702 712 amplectebatur
724 655 950 712 incorrupta
966 654 1090 708 fides,
1120 670 1195 695 nec
1217 656 1260 695 in
1273 654 1440 695 dubium

258 740 418 774 vocare,
449 730 526 765 nec
547 722 659 765 ,adeo
700 726 999 780 quibuscunque
1027 723 1187 764 tandem
1212 724 1442 774 argumentis

260 804 370 836 caute
407 791 577 847 probare
605 788 835 832 didicerant.
890 794 1075 834 Cunus
1109 793 1250 845 igitur,
1292 810 1313 836 «
1334 791 1445 852 Quid

258 864 362 902 enim
372 861 422 899 ‘3”
461 860 614 914 inquit:
667 863 806 910 Πρῶτον
840 861 907 908 μὲν
945 867 1000 906 γῆ.
1033 862 1093 900 καὶ
1129 861 1223 908 ἥλιος
1258 860 1378 911 ἄστρα
1404 877 1445 900 τε

260 932 310 971 τὰ
346 928 546 977 ξύμπαντα
579 926 643 968 καὶ
680 929 731 968 τα
767 932 835 969 τῶν
867 929 956 978 ὡρῶν
991 929 1299 979 διακεκοσμημένα
1325 934 1446 975 καλῶς

253 996 394 1045 οὕτως,
422 998 591 1041 ἐνιαυτοῖς
616 1013 658 1037 τε
683 991 745 1036 καὶ
770 997 859 1045 μησὶ
885 997 1140 1045 διειλημμένα,
1168 999 1227 1037 καὶ
1244 997 1446 1042 &erardum-sc,-

257 1065 431 1111 Ἔλληνές
463 1081 505 1106 τε
539 1066 600 1105 καὶ
638 1065 817 1115 βάρβαροι
853 1066 1044 1117 νομίζουσιν
1079 1063 1167 1106 εἶναι
1192 1066 1300 1111 θεούς.
1351 1067 1444 1106 Pri-

261 1149 368 1174 mum
422 1133 582 1190 quidem
624 1144 744 1183 terra,
800 1134 879 1185 sol,
932 1145 972 1174 et
1011 1134 1140 1175 omnia
1180 1145 1304 1185 astra,
1342 1145 1447 1174 tem—

261 1217 478 1258 porumque
518 1202 655 1258 pulcre
706 1201 801 1241 adeo
841 1202 1013 1247 instituta
1056 1203 1154 1242 ratio
1183 1204 1292 1242 annis
1333 1214 1450 1258 atq-ue

264 1272 462 1312 mensibus
520 1270 723 1319 distincta,
780 1270 856 1310 hoc
905 1273 1162 1321 annuntiant,
1214 1281 1278 1321 et,
1335 1269 1449 1326 quod

263 1355 397 1381 omnes
438 1341 581 1380 Graeci
621 1340 766 1394 pariter
797 1353 842 1378 ac
868 1339 1053 1389 barbari,
1088 1341 1190 1380 Deos
1218 1354 1320 1391 esse,
1361 1355 1446 1396 pu·
1512 1366 1514 1368 ·

265 1421 352 1450 tant
379 1409 461 1464 (1).⁴

316 1480 406 1519 Non
453 1488 580 1517 tamen
627 1479 765 1518 statim‘
793 1479 894 1517 haec
934 1491 1009 1532 pro
1048 1480 1281 1530 argumentis
1318 1477 1455 1520 validis

264 1548 385 1587 habet
425 1547 619 1596 HosPEs;
665 1548 784 1587 immo
818 1561 858 1587 se
899 1548 1027 1588 vereri
1064 1545 1189 1597 dicit,
1217 1562 1268 1587 ne
1294 1561 1455 1602 prorsus

265 1604 363 1656 haec
396 1626 649 1656 contemnant
685 1616 824 1669 impii3
868 1617 1018 1670 quippe
1062 1617 1131 1671 qui
1169 1631 1251 1656 non
1278 1610 1455 1656 inconsi-

266 1684 421 1734 derate,
448 1699 499 1724 ne
524 1683 668 1724 seilicet
693 1685 832 1723 timore
860 1685 1033 1724 Deorum
1057 1696 1270 1736 angantur,
1302 1685 1372 1724 ubi
1383 1686 1454 1724 in-

267 1758 515 1797 continenter
541 1756 802 1811 voluptatibus
828 1754 1032 1807 indulgent
1046 1786 1057 1806 ,
1087 1770 1150 1796 eos
1176 1766 1345 1796 remotos
1372 1770 1454 1796 esse

266 1824 431 1875 volunt3
460 1824 556 1874 sed,
582 1825 724 1880 quibus
750 1826 892 1865 erroris
903 1838 1013 1865 causa
1025 1835 1105 1873 est,
1136 1826 1287 1873 ἀμαθία
1305 1841 1358 1869 τις
1384 1824 1458 1874 μα-

267 1905 319 1935 λα
335 1894 486 1944 χαλεπὴ
510 1895 659 1934 δοκοῦσα
680 1892 769 1933 εἶναι
782 1894 941 1942 μεγίστη
955 1894 1118 1944 Φρόνησις
1142 1892 1215 1948 (2).
1253 1912 1274 1936 «
1295 1894 1451 1934 Ferun-

268 1974 331 2004 tur
358 1964 488 2012 enim,
533 1964 682 2017 inquit,
711 1961 817 2017 apud
843 1977 913 2002 nos
939 1977 1162 2012 sermones,
1200 1965 1269 2019 qui
1291 1974 1457 2019 propter

270 2033 428 2073 civitatis
479 2034 662 2073 virtutem
698 2030 803 2086 apud
839 2046 907 2072 vos
945 2047 1029 2073 non
1065 2032 1284 2073 audiuntur.
1333 2033 1455 2072 Anti·

271 2101 442 2158 quissimi
469 2099 519 2140 de
547 2102 628 2140 Diis
656 2111 841 2141 narrant:
886 2103 932 2147 ὥς
968 2099 1114 2149 γέγονεν
1150 2103 1171 2148 ἧ
1206 2102 1324 2151 πρώτη
1347 2100 1458 2152 φύσις

271 2173 413 2221 οὐρανοῦ
450 2174 518 2211 τῶν
560 2185 602 2210 τε
624 2168 767 2219 ἄλλων,
805 2172 980 2220 προΐοντες
1005 2173 1043 2212 δὲ
1069 2175 1133 2216 τῆς
1157 2173 1271 2219 ἀρχῆς
1297 2172 1336 2210 οὐ
1363 2171 1457 2212 πολὺ

272 2239 446 2293 θεογονίαν
488 2237 748 2287 διεξέρχονται,
789 2238 969 2286 γενόμενοι
1004 2254 1046 2279 σε
1079 2241 1123 2283 ὥς
1158 2238 1241 2287 πρὸς
1277 2239 1459 2285 ἀλλήλους

271 2306 504 2355 &manentia-'⁹
517 2306 581 2347 Sic
592 2306 698 2346 enim
710 2305 934 2347 Hmmnus
944 2309 1115 2347 Deorum
1125 2308 1301 2348 referens
1312 2319 1454 2348 ortum:

335 2429 349 2449 1
410 2441 420 2451 .
442 2419 515 2452 886.
537 2420 575 2451 A.

316 2418 372 2516 ((2))
390 2430 521 2506 PNemini
542 2474 592 2506 hic
614 2485 673 2506 non
695 2475 726 2506 in
747 2472 923 2505 memoriam
945 2471 1026 2503 venit
1045 2471 1145 2503 simile
1167 2472 1271 2505 Ρλυιι
1293 2472 1403 2505 dictum
1425 2472 1461 2505 ad

279 2535 375 2565 Rom.
397 2530 420 2565 1.
442 2541 493 2564 22.
