1700 3064
719 256 934 295 ..ιδ-

245 381 380 426 petere
417 371 612 411 dehemus.
664 372 706 412 Si
732 372 829 426 quid
855 371 959 411 aliud
972 400 985 421 ,
1027 370 1108 413 hoe>
1131 386 1243 426 grave
1269 382 1421 430 semper

245 440 320 481 fuit
359 441 530 481 habitum
545 461 565 489 ‚»
598 439 719 482 valida
757 455 829 480 nec
856 441 968 481 nimis
995 442 1219 494 recondita,
1237 453 1335 485 ³1:111·
1349 444 1423 485 ‘Dii

241 511 346 558 sint,
376 508 467 547 dare
493 520 726 561 argumenta.
768 510 819 550 Et
845 511 877 549 si
905 512 992 565 quis
1007 512 1269 552 recentiorum
1283 513 1421 552 Philo·
1442 514 1448 519 ’

242 567 483 631 sophorum'‚
513 579 633 619 varias
657 588 698 617 et
725 592 774 618 ex
801 579 984 621 interiore
1011 578 1273 634 metaphysica
1291 580 1422 622 ductas

242 649 499 697 cognoverit*
522 650 711 698 rationes,
763 664 847 690 suas
865 672 867 674 ·
885 660 1001 689 ,certe
1031 648 1182 689 'reddet
1221 650 1422 693 PLATONI

240 715 393 770 Graeco
423 716 659 773 philosopho
687 717 831 757 laudes.
1118 727 1121 729 ’

293 785 380 826 Alia
405 797 537 825 <autem
564 796 620 825 est
647 786 719 826 viri
746 787 993 828 eruditissimi
1021 790 1327 828 TENNEMAN'NI
1362 787 1421 840 (ι)

240 855 502 908 reprehensio.
559 856 656 906 Hic,
696 858 889 907 sumitur,
931 857 1061 911 inquit
1077 886 1088 906 ‚
1132 872 1154 894 a
1188 857 1422 902 PLATONE,

240 932 433 961 naturam·
449 932 602 962 tantum
628 934 756 963 mente
781 924 1000 979 praeditam
1026 925 1192 979 primam
1220 938 1296 963 esse
1324 937 1419 962 cau-

240 1003 321 1027 sam
347 1004 473 1044 posse.
515 992 657 1031 Omnia
681 1006 773 1032 vero
789 994 896 1033 bona
913 1008 933 1031 a
948 994 1051 1031 bona
1069 1007 1175 1031 causa
1191 994 1267 1035 sive
1283 993 1421 1041 animo,

237 1058 343 1097 -mala
360 1113 362 1115 v
381 1075 402 1098 a
436 1059 535 1100 malo
561 1059 820 1102 deducuntur.
877 1060 1003 1101 Malus
1031 1071 1155 1100 autem
1190 1054 1339 1100 animus
1367 1059 1424 1099 nil

237 1139 319 1179 est,
349 1129 422 1168 nisi
450 1140 574 1172 motus
602 1145 760 1184 prorsus
786 1131 869 1170 sine
907 1130 990 1181 lege
1016 1141 1082 1169 aut
1108 1132 1259 1170 ratione
1287 1145 1420 1181 agens3

238 1184 368 1251 neque*
407 1199 533 1249 igitur,
562 1199 708 1237 animus
747 1198 848 1238 solus
889 1199 1038 1252 primae
1079 1212 1210 1238 causae
1246 1208 1422 1236 naturam

239 1274 359 1304 tenet.
389 1288 439 1295 —
479 1266 688 1317 Attamen,
717 1268 749 1305 si
775 1268 908 1318 juveni
934 1265 1047 1306 liceat
1074 1266 1237 1306 deviro
1264 1264 1419 1305 doctis-

237 1335 334 1373 simo
369 1333 563 1385 judicium
590 1334 716 1385 ferre,
760 1336 885 1374 minus
912 1333 1112 1389 probanda
1138 1333 1294 1374 videtur
1320 1334 1419 1372 Phi-

236 1404 391 1458 losophi
418 1396 603 1445 Germani
628 1405 825 1444 sententia.
865 1403 975 1457 Quid
999 1404 1132 1442 enim?
1160 1404 1310 1442 varo
1330 1417 1416 1440 ma-

237 1471 318 1511 lum
335 1483 480 1512 tantum
498 1483 684 1512 memorat
702 1473 871 1511 animum
884 1500 896 1520 ‚
926 1486 976 1510 ne
995 1472 1087 1510 hinc
1105 1483 1204 1510 nova
1221 1480 1420 1524 peteretur

237 1539 445 1580 dubitandi
472 1541 593 1592 rati03
625 1542 708 1595 ipse
737 1551 867 1581 tamen
894 1540 1010 1595 paulo
1037 1551 1127 1594 post
1152 1541 1204 1580 ita
1231 1539 1419 1594 explicat,

240 1608 339 1663 quid
366 1608 415 1647 de
443 1624 490 1648 eo
523 1607 763 1648 censendum
790 1611 862 1658 sit,
904 1620 947 1649 ut
974 1608 1084 1649 valde
1112 1610 1322 1657 miremur,
1352 1607 1423 1645 alia

237 1678 317 1717 huc
343 1692 421 1717 esse
449 1676 640 1741 adducta,
671 1688 771 1732 quae
801 1680 958 1719 minime
980 1680 1059 1719 huc
1076 1680 1289 1734 pertinent.
1330 1677 1421 1717 Non

236 1748 343 1785 enim
370 1745 487 1784 docet
502 1760 638 1785 revera
656 1745 756 1786 duos
773 1746 864 1786 tales
880 1761 958 1786 esse
973 1741 1146 1796 animos,-
1173 1746 1241 1784 sed
1252 1745 1418 1799 quaerit,

236 1827 370 1857 utrum
412 1818 510 1865 sint,
554 1827 592 1856 et
629 1816 778 1856 invenit
814 1814 979 1856 duorum
1018 1814 1244 1855 alterutrum·
1285 1827 1419 1865 regere

236 1899 370 1923 rerum
405 1895 607 1932 naturam3
651 1886 825 1933 bonum,
867 1885 899 1922 si
927 1885 1050 1923 omnia
1077 1893 1183 1922 recte
1212 1884 1419 1921 constituta

236 1955 338 2003 sint,
368 1953 511 1993 malum
537 1955 568 1994 si
596 1965 756 2003 contra3
788 1968 908 2009 quare
937 1953 1068 2008 paucis
1094 1952 1317 1992 intermissis
1335 1952 1418 2007 ipse

281 2064 332 2107 (ι)
358 2065 494 2105 System.
518 2062 573 2092 der
590 2061 818 2095 Plat.·1²h1'los.
834 2061 892 2094 111.
913 2062 984 2094 138.
1008 2063 1089 2094 Haec
1109 2070 1178 2095 sunt
1197 2063 1291 2104 ipsius
1311 2060 1415 2098 verba:

236 2122 311 2152 «Es
340 2118 422 2150 wir-d
439 2122 675 2161 vorausgesetzt
691 2117 766 2149 dasz
788 2128 850 2148 nur
869 2117 922 2149 ein
942 2117 1117 2150 denkendes
1141 2119 1260 2160 Wesert
1280 2115 1419 2152 absolute

241 2177 378 2207 Ursache
398 2175 467 2206 sein
489 2174 600 2206 kiinne.
632 2174 709 2204 Nun
730 2171 816 2203 mins
830 2173 901 2203 aber
920 2172 998 2205 alles
1022 2175 1105 2204 Gute
1128 2173 1164 2203 in
1185 2173 1240 2202 der
1257 2171 1346 2203 Wele
1358 2183 1418 2204 aus

235 2232 324 2261 einer
343 2230 408 2261 und
428 2229 505 2260 alles
527 2229 609 2259 Biise
629 2228 744 2258 wieder
757 2239 818 2259 aus
832 2228 920 2258 einer
931 2228 1053 2259 andern
1069 2227 1235 2259 absoluoen
1259 2226 1415 2266 Ursache,

235 2285 312 2317 oder
329 2285 389 2315 wie
403 2285 449 2316 sie
469 2285 581 2318 ΡιΑτο
604 2290 722 2322 neunt,
754 2284 858 2324 Seele,
888 2284 1061 2327 abgeleitet.
1098 2282 1163 2320 Die
1182 2281 1252 2313 biise
1272 2281 1355 2313 Seele
1369 2282 1419 2314 ist

235 2341 312 2373 aber
332 2340 436 2371 nichts
457 2341 505 2372 als·
519 2341 569 2371 die
584 2341 803 2383 Bamgkraft,
826 2341 877 2370 die
892 2339 1065 2381 blindlt'ngs
1079 2339 1161 2368 ohne
1181 2338 1214 2368 V
1210 2338 1417 2382 orstellungen

235 2395 358 2427 wir-ket.
397 2395 477 2426 Also
498 2406 585 2427 musz
607 2407 682 2427 man
692 2395 825 2438 folgern
836 2416 847 2432 ‚
869 2394 913 2426 ist
932 2393 1021 2424 nicht
1039 2392 1091 2422 die
1115 2392 1201 2424 Sede
1220 2394 1276 2425 das
1296 2393 1417 2435 einzige

236 2452 356 2485 Wesen
378 2451 437 2481 mit
457 2451 545 2481 einer
563 2451 726 2483 absoluten
748 2448 976 2488 Kaussaliu'it,
999 2447 1068 2479 und
1082 2448 1131 2479 die
1140 2455 1217 2480 erste
1232 2450 1418 2482 Vorausset-

233 2518 325 2550 :ung
343 2507 388 2539 iet
395 2505 542 2549 salsclz.''
