1700 3064
763 280 975 323 ,56-

279 401 397 441 nibus
434 398 666 440 manifestari
705 412 787 438 non
819 409 954 453 potest.
1006 397 1160 439 Deinde
1187 399 1455 454 attendamus-5

281 469 398 523 quale
425 468 563 518 suerit,
594 462 704 523 quod
719 467 888 507 imitatus
907 478 974 518 est,
994 468 1242 516 παραδείγμα.
1283 469 1453 509 Mundus

281 536 451 576 omnium
465 565 477 587 ,
507 550 607 591 quae
636 545 761 577 creata
788 547 890 586 sunt,
920 546 978 576 est
1003 549 1095 590 opus
1121 534 1451 590 pulcherrimum3

280 615 434 654 auctor,
478 619 591 644 causa
618 606 790 658 optima3
830 607 999 659 respexit
1024 605 1139 656 igitur
1165 606 1303 658 procul
1330 606 1451 646 dubio

275 671 324 711 ad
350 682 553 712 aeternum
579 670 700 722 illud,
730 670 843 727 quod
868 686 1017 726 semper
1043 671 1148 712 idem
1174 682 1233 712 est
1260 671 1333 726 (ι).

332 741 387 781 At
426 756 542 791 vero,
584 755 653 780 cur
681 739 841 780 tandem
867 740 943 780 hoc
970 741 1193 784 universum
1220 742 1363 781 creavit
1386 740 1453 781 ille

281 810 446 848 auctor?
474 830 529 837 ——
566 807 721 853 ’Λγαιθὸς
757 805 813 851 ἦν·
855 808 979 856 ἀγαθῷ
1017 809 1055 847 δὲ
1085 809 1194 853 οὐδεὶς
1224 808 1301 858 περὶ
1324 809 1455 853 οὐδενὸς

279 875 444 917 οὐδέποτε
478 875 693 922 ἐγγίγνεται
726 875 860 926 φθόνος.
917 875 980 916 Ab
1022 875 1095 915 hac
1132 875 1277 918 invidia
1304 890 1456 931 prorsus

278 943 424 982 alienus
462 944 598 982 omnia
624 957 703 982 esse
728 942 847 983 voluit
873 945 1113 993 παραπλήσια
1134 946 1270 994 ἐαυτῷ,
1297 945 1372 983 sibi
1396 944 1453 983 si-

277 1010 437 1051 millima
466 1011 536 1065 (2).
1226 1021 1228 1023 '

332 1081 499 1135 Quoties
538 1081 634 1121 haec
659 1080 767 1133 lego,
813 1093 1027 1122 commotus
1055 1082 1102 1122 fit
1123 1084 1296 1133 animus3
1336 1082 1454 1123 iden-

281 1148 406 1189 tidem
449 1149 590 1203 optimi
628 1149 857 1203 Philosophi
898 1163 1028 1193 amore
1072 1152 1190 1203 magis
1217 1152 1375 1200 efferor,
1417 1161 1456 1190 et

281 1219 541 1259 admiratione
581 1232 725 1258 summa
768 1228 969 1272 correptus
984 1246 996 1267 ,
1040 1233 1184 1272 quaero
1201 1250 1213 1270 ,
1252 1234 1454 1274 quousque

274 1285 432 1328 tandem
459 1297 615 1327 acutum
642 1285 809 1326 hominis
836 1286 893 1341 pii
918 1287 1114 1339 ingenium
1141 1286 1356 1342 procedere
1382 1302 1454 1327 va-

272 1356 376 1396 leat!
409 1381 459 1388 —-
497 1355 638 1394 Talem
666 1356 736 1408 qui
764 1356 967 1405 agnoverit
991 1356 1032 1394 in
1060 1357 1143 1395 Deo
1171 1356 1331 1396 creandi
1357 1370 1452 1395 cau-

274 1439 381 1474 sam,
422 1415 537 1464 talem
579 1422 746 1478 perfecti
786 1437 1001 1472 amorem‚—
1023 1425 1192 1465 universi
1223 1424 1351 1464 salutis
1381 1423 1455 1464 tale

279 1503 510 1547 tantumque
537 1491 707 1532 studium
719 1519 731 1539 ,
761 1492 826 1530 hie
842 1502 948 1531 certe
963 1493 1148 1531 omnibus
1160 1489 1331 1549 'omnino
1348 1493 1454 1533 anti-

276 1561 364 1617 quis
392 1559 634 1616 Philosophis
664 1558 780 1612 longe
797 1561 924 1612 major
945 1559 1263 1617 dignissimusque
1281 1560 1366 1613 fuit,
1393 1561 1456 1601 cui

273 1629 399 1671 divini
436 1630 519 1669 fere
557 1630 728 1668 honores
769 1631 983 1683 antiquitus
1012 1629 1345 1676 concederentur-r,
1390 1630 1455 1668 hic

268 1698 501 1744 ,etiamnunc
556 1697 731 1736 omnium
768 1697 968 1737 bonorum
1006 1697 1081 1735 sibi
1124 1695 1301 1736 conciliet
1343 1710 1454 1735 amo—

274 1782 383 1816 rem3
413 1766 521 1806 hunc
548 1765 732 1816 laudibus
747 1796 760 1816 ,
789 1766 1041 1806 veneratione
1082 1776 1122 1805 et
1147 1766 1274 1817 gratiis
1300 1766 1454 1805 summis

272 1845 565 1889 prosequantur
603 1848 761 1884 omnes,
816 1834 957 1888 quibus
1007 1835 1141 1873 veritas
1179 1844 1219 1872 et
1259 1832 1455 1888 inculpata

275 1903 399 1957 pietas
427 1917 542 1943 curae
569 1900 757 1958 cordique
784 1913 886 1942 sunt.
930 1901 1088 1941 Utinam
1114 1902 1293 1941 omnibus
1320 1901 1453 1941 homi-

273 1971 392 2010 nibus
421 1973 700 2022 contingeret,
718 1970 825 2026 quod
852 1971 951 2009 mihi
979 1970 1185 2021 contigisse
1212 1981 1303 2010 ante
1325 1970 1456 2010 omnia

272 2040 353 2081 fere
381 2040 439 2080 lae
479 2055 526 2091 r,
557 2039 687 2079 divina
712 2041 936 2080 Pmmroms
963 2039 1089 2092 legere
1116 2041 1273 2094 scripta.
1316 2037 1454 2078 Talem

272 2110 355 2150 veri
393 2050 579 2216 Ιιιὲἱιίζιῖ2
588 2105 793 2147 scintillam
836 2106 974 2147 densas
1018 2107 1246 2162 plerumque
1276 2106 1454 2146 tenebras

272 2187 464 2231 penetran
594 2172 964 2224 animadvertentes,
1019 2176 1188 2215 veritatis
1226 2174 1305 2214 vim
1348 2172 1452 2215 divi·-

274 2258 365 2283 nam
405 2246 532 2285 animo
575 2244 644 2299 pio
687 2256 821 2283 omnes
858 2241 1093 2294 adorarent,
1135 2253 1174 2282 et
1200 2243 1283 2281 Deo
1304 2243 1451 2297 optimo

217 2299 221 2303 ²
275 2314 413 2365 gratias
454 2329 563 2365 agere
604 2328 687 2353 non
716 2311 976 2363 desisterent,
1006 2311 1113 2367 quod
1142 2311 1253 2350 nobis
1280 2313 1357 2362 jam
1385 2323 1449 2352 te-

274 2383 415 2423 nebras
458 2383 535 2423 sere
563 2399 697 2424 omnes
725 2384 933 2425 removerit
947 2412 959 2434 ,
988 2383 1188 2437 ipsiusque
1214 2382 1292 2422 veri
1320 2383 1448 2423 scien-

316 2482 367 2527 (1)
389 2495 418 2525 p.
441 2494 495 2525 27.
520 2482 555 2516 E.
577 2500 617 2509 —
639 2493 691 2524 ²9·
714 2483 750 2516 B.

315 2539 367 2582 (a)
388 2551 417 2582 p.
440 2549 492 2581 29.
518 2539 551 2572 E.
