1700 3064
716 263 930 302 ..07-

236 365 331 406 tim
368 366 601 405 concesserit
626 364 864 419 pleniorem,
905 362 1028 420 qualis
1056 362 1209 404 demum
1237 376 1404 405 mentem

239 431 394 475 divinae
419 448 506 473 suae
530 445 688 474 naturae
703 465 716 485 ‚
744 435 906 490 verique
932 435 1030 475 vitae
1048 433 1196 474 consilii
1212 426 1405 473 consciam

232 499 425 543 teddidit.
454 528 501 535 —
525 503 580 543 At
605 503 720 541 nimis
745 517 817 543 nos
832 505 1010 544 aberrare
1024 502 1160 541 sentio.
1200 504 1411 557 Exponere

242 580 390 610 tantum
430 572 592 612 Timaei
631 558 897 621 argumentum
924 570 1139 620 voluimus3
1183 571 1409 611 Pht-roms

241 639 421 679 evasimus
447 638 675 678 laudatores.
702 661 757 669 —-
780 640 839 679 Eo
863 639 1080 689 redeamus,
1107 637 1214 677 unde
1241 629 1410 693 profecti

239 719 380 749 sumus.

292 776 395 816 Deus
415 775 556 823 igitur,
584 785 673 812 cum
699 773 830 813 omnia
855 775 958 814 bona
983 789 1063 815 esse
1089 772 1205 814 vellet
1218 803 1230 824 ‚
1258 772 1353 813 οὕτω
1370 773 1413 817 δὴ

239 845 331 891 πᾶν,
351 840 428 881 ὅσον
440 836 480 884 ἦν
497 840 635 890 ὁρατὸν,
659 842 905 891 παραλαβὼν,
926 844 994 893 οὐχ
1008 843 1163 893 ἡσυχίαν
1174 840 1283 890 ἄγον,
1307 840 1413 881 ἀλλὰ

239 909 433 955 κινούμενον
455 912 685 955 πλημμελῶς.
705 908 766 947 καὶ
791 908 957 952 ἀτάκτως
971 938 983 957 ,
1009 910 1051 946 in
1068 909 1248 948 ordinem
1267 907 1413 947 molem

239 975 346 1017 illam
382 975 648 1029 incongestam
687 973 861 1028 redegit,
900 986 940 1016 et
976 975 1249 1031 incompositos
1288 986 1414 1017 motus

242 1045 459 1099 composuit
472 1074 484 1094 ‚
514 1044 749 1098 corporique
776 1045 973 1090 animum,
1001 1044 1131 1083 animo
1158 1054 1327 1083 mentem
1341 1045 1411 1083 in-

239 1111 364 1166 didit3
404 1123 482 1167 quo
518 1111 689 1153 mundus
730 1113 801 1151 Dei
842 1110 1013 1165 provido·
1037 1110 1138 1151 curt-
1159 1111 1309 1150 exstitit
1330 1112 1413 1162 ζῶον

248 1181 415 1231 ἔμψυχον
439 1181 551 1221 ἔννουν
573 1196 628 1221 τε.
648 1195 650 1197 ·

291 1248 402 1287 Unus
440 1258 499 1287 est
535 1258 574 1287 et
609 1249 684 1287 etit
709 1245 889 1287 mundus.
939 1247 1040 1287 Nam
1066 1247 1178 1286 unius
1207 1247 1412 1287 animanti-

240 1320 360 1362 νοητοῦ
398 1315 645 1357 simulacrum
683 1325 742 1354 est
753 1344 772 1364 ,.
805 1326 845 1355 et
879 1324 1037 1354 omnem
1075 1317 1272 1355 materiam
1299 1317 1342 1355 in
1368 1330 1411 1356 se

242 1382 548 1437 comprehendit.
602 1382 740 1422 Mutuo
776 1396 879 1422 nexu
904 1396 1058 1421 omnem
1083 1384 1226 1434 ignem,
1255 1398 1410 1438 aquam,

244 1463 385 1492 terram
410 1463 451 1491 et
476 1456 604 1491 aerem
631 1453 843 1490 connexuit
867 1452 910 1490 in
936 1465 1098 1504 corpore
1125 1452 1228 1491 Deus
1242 1481 1254 1501 ,
1293 1453 1346 1491 ita
1372 1463 1417 1492 nt

245 1534 360 1560 nemo
373 1549 385 1571 ,
424 1520 500 1559 nisi
540 1520 611 1574 qui
637 1519 871 1568 connexuit,
908 1518 1061 1560 solvere
1087 1533 1131 1558 ea
1156 1521 1304 1574 possit,
1342 1534 1418 1560 neo

242 1589 404 1630 morbus
430 1598 498 1628 aut
523 1598 700 1628 senectus
727 1586 784 1627 illi
810 1599 959 1628 noceat.
1003 1589 1147 1628 Omnia
1173 1604 1295 1643 porro
1320 1603 1417 1643 per-

243 1660 343 1700 fecta
376 1660 420 1698 in
461 1672 626 1711 corpore
653 1659 867 1710 congessitg
908 1657 1072 1697 formam
1098 1658 1208 1698 dedit
1233 1660 1416 1713 sphaeri-

242 1743 328 1769 eam
341 1759 353 1780 ‚
395 1727 571 1778 αὔταρκες
609 1727 684 1768 sibi
723 1725 915 1776 reddidit,
960 1726 1096 1767 circuli
1136 1738 1245 1768 motu
1271 1730 1420 1769 moveri

241 1796 350 1848 jussit
369 1824 385 1844 ,Α
420 1797 596 1834 animum·
631 1797 690 1836 διὰ
715 1795 850 1840 παντός
873 1796 993 1836 ἔτεινε·
1024 1797 1082 1835 διὰ
1106 1795 1230 1836 πάντα
1242 1797 1283 1841 δὴ
1299 1800 1422 1850 ’ταῦτα

243 1863 434 1913 swalma
462 1862 535 1902 θεὸν
558 1863 666 1902 αὐτὸν
687 1863 903 1909 ἐγεννήσατο
930 1862 1002 1918 (1).

296 1930 461 1970 Euam-at
492 1927 636 1968 deinde
663 1930 781 1968 animi
808 1930 946 1970 mundi
971 1932 1156 1971 fabricam
1181 1943 1223 1973 et
1250 1947 1416 1987 compo-

244 1999 447 2050 sitionem3
475 1996 675 2037 undenam·
697 1998 912 2050 exstiterit3
942 2015 1017 2055 qua
1033 2011 1136 2051 arte,
1166 2016 1246 2057 quo
1263 2000 1421 2042 consilio

244 2069 297 2107 ita
336 2067 457 2107 factus
497 2066 574 2116 εἰη
614 2076 659 2105 ut
700 2076 836 2106 testem
863 2068 944 2108 fere
971 2069 1106 2110 audire
1133 2070 1320 2119 videaris,
1350 2071 1422 2124 qui

245 2153 395 2180 summo
410 2137 568 2179 Numini
587 2136 752 2188 affuerit,
773 2152 863 2179 cum
880 2154 968 2180 eum
985 2151 1197 2193 generaret.
1238 2140 1309 2181 Est
1326 2154 1420 2180 vero

247 2209 440 2249 enarratio
468 2206 533 2247 illa
558 2205 715 2246 maximi
741 2210 931 2248 momenti
956 2210 999 2248 in
1026 2210 1251 2249 PLATONIS
1280 2207 1420 2249 Philo-

247 2279 382 2332 sophia
407 2276 457 2318 de
474 2278 593 2317 animi
609 2276 838 2332 praesertim
855 2275 990 2318 indole
1003 2305 1016 2327 ,
1044 2276 1259 2318 affectibus.
1302 2276 1425 2317 Nobis

250 2357 379 2387 tamen
415 2348 543 2391 minus
570 2344 619 2387 ad
648 2345 913 2401 quaestionem
940 2344 1125 2401 prodest,
1166 2357 1300 2402 estque
1326 2344 1421 2386 adeo

291 2502 345 2545 (ι)
363 2514 392 2544 p.
414 2502 465 2535 50.
487 2503 524 2534 A.
546 2518 586 2527 —·
608 2503 660 2535 54.
682 2501 718 2534 E.
