1700 3064
714 252 958 290 -114—

248 372 499 429 mediamque
516 371 643 412 sedem
658 383 875 425 occupans,
905 372 970 412 τῆς
985 371 1170 418 ἑρμηνείας
1189 372 1308 412 αἴτιον.
1350 370 1427 409 Hos

245 444 432 496 precibus
459 438 822 496 honoraredecet,
857 436 1071 478 laudandae
1097 440 1429 495 interpretationis

244 524 350 562 ergo.
402 508 588 561 Conspici
611 521 692 546 non
720 518 908 561 possunt,
950 519 1095 559 neque,
1124 507 1269 547 etiamsi
1297 521 1426 562 prope

247 594 317 618 nos
343 589 451 623 sunt,
482 578 598 617 nobis
625 589 833 631 apparent.
878 575 1045 615 Eximiae
1071 573 1303 628 prudentiae
1331 593 1427 631 par-

243 648 407 700 ticipes,
461 656 594 700 utpote
645 644 764 685 docili
805 646 961 697 ingenio
1001 645 1205 698 tenacique
1244 645 1430 684 memoria

239 713 437 771 praediti,
469 714 716 766 cogitationes
744 725 894 755 nostras
915 728 1046 754 omnes
1065 702 1293 764 intelligunt.¹
1332 713 1429 752 Pul,-

242 798 354 823 crum
392 784 487 824 adeo
514 784 742 837 bonumque
771 794 949 822 nostrum
979 781 1139 821 mirifice
1165 792 1319 831 amant,
1359 780 1430 820 secl

242 853 385 893 malum
411 852 601 902 oderunt3
634 867 726 891 nam
754 850 890 892 dolore
919 866 1004 891 non
1033 861 1170 891 vacant
1197 849 1268 904 (1).
1351 846 1354 848 ’

296 923 399 961 Haec
436 932 567 961 autem
594 923 786 961 sententia
814 920 941 959 multis
970 920 1051 960 aliis
1079 919 1175 959 locis
1205 918 1429 959 confirmari

238 990 406 1032 videtur.
466 991 532 1031 Sic
563 989 759 1040 legislator
785 991 940 1040 juvenes
967 990 1117 1044 optima
1143 987 1223 1028 fide
1250 987 1428 1042 amplecti

216 1054 361 1110 Ἤιδει,
392 1073 492 1114 quae
523 1057 572 1098 ad
590 1060 909 1099 TELEMACHUM
929 1056 1035 1111 apud
1050 1058 1209 1097 Poetam
1221 1056 1421 1096 dicuntur:

312 1126 662 1177 Τηλέμαχ’,ἄλλα
688 1127 756 1174 μὲν
780 1127 888 1170 αὐτὸς
913 1126 960 1164 ἑνὶ
986 1126 1091 1176 φρεσὶ
1116 1131 1198 1175 σῇσι
1222 1127 1375 1174 νοήσεις,
1452 1123 1455 1127 “

314 1197 419 1236 ἄλλα
444 1196 481 1234 δὲ
507 1196 568 1234 καὶ
594 1196 728 1242 δαίμων
755 1195 981 1238 ὑποθήσεται·
1011 1196 1048 1233 οὐ
1074 1194 1147 1242 γὰρ
1171 1195 1229 1233 ὀΐω

311 1262 353 1301 οὔ
376 1278 418 1301 σε
443 1262 524 1302 θεῶν
549 1262 674 1307 ἀέκητι
699 1263 862 1308 γενέσθαι
888 1279 929 1303 τε
955 1262 1139 1311 τραφέμεν
1162 1277 1217 1301 τε.

237 1331 409 1393 Sperare
445 1347 586 1387 nempe
627 1333 800 1384 debent,
843 1334 1036 1388 quaedam
1063 1334 1138 1373 sibi
1165 1342 1426 1384 suggesturum

234 1402 361 1440 Deum
403 1413 520 1455 atque
566 1404 803 1441 Daemonem
820 1431 830 1449 ‚
875 1403 993 1441 veluti
1019 1402 1069 1440 de
1097 1401 1292 1442 sacrificiis
1320 1401 1425 1439 cho-³

237 1472 392 1524 reisque
433 1480 643 1523 praecepta
672 1470 744 1523 (2).
800 1472 971 1510 Deorum
999 1485 1071 1525 per
1097 1469 1179 1509 loca
1206 1483 1420 1524 supercoe-

234 1537 341 1578 lestia
390 1540 466 1578 iter
505 1551 722 1593 sequuntur
763 1554 920 1594 quoque
961 1541 1176 1579 Daemones
1217 1539 1288 1591 (5).
1342 1537 1424 1577 Ubi

234 1608 405 1646 Deorum
431 1606 565 1648 laudes
592 1609 632 1646 in
660 1608 774 1647 sacris
798 1608 949 1663 hymnis
966 1609 1046 1647 sint
1061 1607 1286 1654 celebratae,
1316 1607 1419 1645 Dae—

233 1677 418 1716 monibus
447 1691 605 1731 quoque
633 1691 766 1730 preces
794 1676 959 1716 fundere
989 1692 1078 1739 cum
1094 1669 1281 1715 ‘laudibus
1298 1690 1419 1729 prae-

233 1745 331 1799 cipit
359 1747 670 1784 ΑΤΗΕΝῙΕΝεῙε
700 1746 867 1784 Hospes
889 1744 959 1798 (4).
1003 1745 1048 1783 In
1068 1745 1291 1785 Phaedone
1313 1745 1418 1783 Dae-

231 1826 323 1852 mon
352 1816 539 1867 cujusque
567 1814 732 1865 fingitur
759 1816 955 1864 animum,
985 1829 1008 1852 a
1036 1828 1206 1867 corpore
1233 1813 1415 1861 solutum,

231 1881 275 1919 in
303 1879 477 1920 coelestia
504 1879 591 1920 loca
618 1880 782 1921 evehere
811 1880 882 1933 (5).

285 1947 446 2002 Saepius
474 1948 647 2005 denique
673 1965 787 1990 suum
815 1951 1053 1990 Daemonem
1079 1964 1297 1990 memorare
1322 1948 1415 1989 soli-

233 2026 317 2056 tum
342 2014 458 2054 fuisse
486 2016 729 2058 SocRA'rEM
757 2032 778 2057 e
806 2019 1017 2059 PLAroNE
1047 2034 1209 2075 quoque
1226 2018 1418 2058 discimus.

230 2085 277 2123 In
325 2084 496 2136 Theage
535 2088 693 2124 maxime
721 2085 771 2125 de
797 2087 874 2126 hoc
901 2103 969 2127 suo
998 2088 1128 2128 Genio
1156 2087 1308 2127 disserit
1335 2085 1417 2125 So-

232 2164 415 2194 anTEs.
473 2153 574 2193 Gum
606 2155 709 2193 enim
736 2156 1002 2198 Damonocus
1032 2156 1158 2198 filium
1187 2157 1416 2196 'I'HEAGEM

275 2293 328 2333 (ι)
349 2294 509 2325 Ennomus
532 2292 607 2333 984.
632 2292 666 2323 E.
688 2308 730 2316 -
755 2292 829 2333 985.
851 2291 889 2324 B.

274 2349 326 2390 (a)
348 2349 426 2381 Lm.
449 2348 518 2381 Vll.
541 2348 614 2387 804.
638 2350 673 2381 A.
705 2348 749 2381 Cf.
774 2348 811 2380 V.
835 2348 907 2388 732.

274 2404 326 2447 (3)
350 2404 539 2437 Pnnnnus.
561 2405 633 2444 246.
659 2405 693 2437 E.

272 2460 325 2503 (4)
347 2461 426 2492 LBG.
452 2460 518 2491 Vll.
543 2461 615 2492 801.
638 2461 674 2492 E.

272 2517 324 2559 (5)
345 2516 494 2549 Pluzno.
524 2516 590 2548 108.
618 2516 647 2548 Β.
