1700 3064
750 318 990 359 „272-

279 421 436 465 decimo
473 432 514 463 et
551 425 593 463 in
629 422 877 475 Epinomide
913 422 1067 462 disertis
1093 423 1221 465 verbis
1246 426 1310 471 τὴν
1332 425 1444 471 κακὴν

278 492 406 542 ψυχήν
429 501 537 533 vocat
563 489 634 543 (ι).

333 561 454 603 Nobis
490 570 616 600 tamen
651 574 791 615 parum
827 561 921 601 haec
951 558 1194 616 persuadent.
1248 562 1445 619 Nusquam

278 631 429 671 Puro
476 628 575 669 dixit
612 630 783 670 animum
808 629 920 670 fuisse
946 631 988 669 in
1012 630 1168 669 materia
1192 630 1320 669 motus
1340 631 1446 672 ,illius

277 697 526 752 incompositi
559 707 769 738 auctorem.
828 696 926 738 Silet
950 711 1105 752 prorsus
1130 695 1184 736 de
1205 696 1335 737 motus
1361 697 1444 737 hu-

277 769 341 818 jus
380 767 542 817 origine.
596 767 739 806 Causae
776 777 912 806 autem·
942 764 1032 806 illae
1053 765 1265 820 prudentia
1290 777 1446 806 mente-

233 868 237 873 .
279 848 359 890 que
377 844 562 884 carentes,
590 834 719 889 quales
741 835 784 873 iu
807 835 975 874 Timaeo
994 845 1266 874 commemorat
1281 834 1447 883 Pha-ro,

279 918 361 944 non
387 913 477 942 sunt
502 903 620 942 animi
649 901 849 952 cujusdam
876 904 985 942 vires.
1025 903 1133 956 Quin
1158 904 1238 942 imo
1267 916 1290 941 e
1306 898 1448 957 dispu-

280 971 426 1012 tatione
453 969 505 1011 de
520 972 675 1012 materia
690 983 729 1013 et
742 974 965 1015 necessitate
980 1003 993 1025 ‚
1021 988 1120 1029 quae
1134 973 1316 1029 deinceps
1334 973 1450 1013 insti-

280 1040 413 1090 tuitur,
440 1039 613 1080 dilucide
638 1052 773 1096 patet,
802 1057 864 1083 eas
886 1057 967 1083 esse
991 1044 1173 1083 materiae
1203 1042 1300 1095 leges
1314 1072 1327 1094 ‚
1353 1054 1453 1097 quae

280 1109 551 1149 necessitatem
578 1111 831 1150 constituunt.
870 1110 1021 1151 Infiniti
1049 1123 1177 1155 autem
1189 1111 1313 1160 illius,
1345 1108 1454 1167 quod

280 1178 324 1216 in
352 1177 524 1218 Philebo
550 1177 788 1228 celebratur,
818 1177 890 1216 alia
916 1193 1080 1231 prorsus,
1100 1189 1159 1218 est
1182 1179 1281 1218 ratio
1295 1206 1308 1227 ,
1339 1192 1455 1232 quam

281 1246 400 1285 animi
426 1244 516 1284 mali
541 1243 766 1286 defensores
792 1244 925 1299 velint·
967 1247 1097 1286 Omne
1122 1246 1283 1286 omnino
1310 1244 1454 1285 infini-

281 1325 363 1355 tum
389 1325 525 1364 notat,
553 1313 780 1369 quodldea
801 1314 945 1354 infiniti
964 1325 1130 1364 constat,
1159 1314 1342 1370 quodque
1360 1312 1455 1354 dein

280 1382 331 1422 ad
370 1383 568 1423 materiam
608 1383 800 1432 refertur,
839 1398 861 1422 e
893 1386 976 1439 'qua
1010 1383 1201 1432 mnndum
1234 1383 1456 1438 composuit

279 1453 414 1494 rerum
451 1452 633 1493 Genitor.
694 1451 896 1492 Dividuom
935 1452 1040 1493 iilam
1076 1463 1254 1496 naturam
1268 1482 1281 1503 ,
1303 1450 1457 1497 ,mundi

283 1521 401 1561 animi
437 1531 588 1576 partem
601 1548 614 1570 ,
655 1521 839 1563 materiae
868 1532 1051 1561 ‘naturam
1078 1520 1179 1561 ferre
1205 1522 1248 1560 in
1275 1522 1457 1575 superio·-

282 1587 395 1630 ribus
422 1586 791 1639 demonstravimus3
821 1588 939 1627 animi
965 1594 1071 1628 certe
1086 1589 1290 1629 notionem
1305 1588 1340 1627 ei
1357 1588 1456 1627 sub-

281 1657 349 1709 jici
388 1672 411 1695 a
447 1657 658 1696 Pri-roma
673 1685 686 1706 ,
737 1658 970 1708 argumentis
1009 1657 1096 1697 satis
1134 1656 1266 1698 validis
1303 1657 1459 1711 probari

283 1727 435 1780 nequit.
487 1725 599 1780 Quae
624 1727 666 1765 in
694 1728 873 1767 Politico
902 1726 1062 1767 affertur
1090 1727 1291 1766 turbarum
1317 1726 1457 1765 consu-

282 1795 479 1848 donisque
506 1796 700 1834 universae
735 1810 867 1845 causa,
913 1796 954 1835 ’τὸ
979 1794 1233 1843 comoedia,
1259 1793 1460 1849 quomodo

283 1864 454 1903 animum
482 1861 625 1902 malum
648 1863 803 1913 dicant,
833 1877 914 1903 non
942 1863 1131 1917 percipio.
1171 1861 1310 1903 Procul
1337 1861 1459 1902 dubio

240 1970 243 1974 .
285 1931 447 1972 materia
484 1930 739 1983 intelligitur3
787 1930 895 1988 quod
934 1947 1047 1987 supra
1088 1933 1168 1983 jam
1207 1930 1459 1972 ostendimus.

285 1999 384 2039 Loci
422 1999 462 2038 in
497 1994 666 2053 'Legum
703 1999 805 2040 libro
847 1998 998 2041 decimo
1025 2015 1176 2041 sensum
1204 2014 1358 2057 quoque
1385 2001 1461 2052 jam

283 2066 541 2122 explicuimus
580 2067 652 2108 alio
692 2068 794 2109 loco.
835 2069 945 2109 Unus
972 2067 1111 2108 mundi
1133 2069 1281 2108 animus
1294 2100 1306 2120 ,
1335 2070 1462 2109 bonus

282 2135 453 2186 dicitur,
495 2138 572 2176 νοῦν
614 2149 701 2176 cum
728 2137 904 2192 accepit,
945 2135 988 2176 id
1014 2147 1095 2186 est,
1126 2150 1216 2176 cum
1242 2135 1460 2191 prudenter

285 2207 410 2247 Deum
433 2207 634 2257 imitatur3
677 2210 809 2247 malua
836 2218 964 2247 autem
980 2235 991 2257 ‚
1035 2222 1123 2248 cum
1163 2208 1263 2256 ἀνοίᾳ
1300 2204 1347 2245 fit
1373 2206 1461 2245 affi-

287 2276 372 2323 nis,
411 2273 455 2313 id
482 2285 561 2324 est,
591 2289 680 2314 cum
709 2274 851 2315 oblivio
880 2275 1032 2315 divinae
1059 2273 1350 2327 gubernationis
1370 2287 1459 2313 eum

288 2344 416 2399 capit,
445 2354 489 2384 ut
515 2355 573 2385 est
598 2345 642 2384 in
670 2345 865 2387 Politice.
904 2344 952 2384 In
980 2342 1230 2398 ,Epinomide
1249 2352 1375 2384 autem
1392 2358 1460 2384 re-

287 2412 451 2467 spicitur
491 2412 538 2451 ad
575 2413 703 2454 locum
743 2415 783 2454 in
822 2414 985 2466 Legum
1012 2410 1144 2461 libr03
1191 2422 1323 2465 estque
1349 2412 1465 2464 igitur

334 2567 386 2608 (ι)
408 2546 488 2600 ιἰο..
513 2568 547 2599 x.
572 2569 644 2609 896.
668 2568 703 2599 E.
730 2569 867 2600 Emon-
894 2569 963 2610 989.
989 2569 1022 2602 ε.
