1700 3064
654 261 894 301 „277—

183 372 271 413 tor,
299 359 557 404 dulcissimum
582 378 737 419 semper
760 365 876 405 fuisse
902 363 1022 404 otium
1036 392 1049 413 ‚
1097 360 1206 416 quod
1229 378 1252 401 a
1271 374 1356 403 stn-

183 430 402 471 diisvacans
415 431 653 485 Theologicis
665 462 680 482 ,
701 428 995 474 hisPnnoms
1017 428 1156 473 studiis
1167 430 1357 485 impendi.

182 498 266 537 Nec
296 511 478 552 umquam
503 500 745 553 poenitebit,
786 512 849 538 me
873 513 954 537 non
976 499 1095 538 modo
1125 497 1175 538 ad
1201 497 1363 548 legenda

181 567 401 607 PLA'roms
414 568 572 623 scripta,
583 567 652 609 sed
664 569 776 608 etiam
788 566 839 607 ad
851 566 955 624 hene
964 566 1064 606 illius
1087 564 1363 622 Philosophiae

180 643 330 687 partem
354 634 665 689 pertractandam
678 636 888 675 accessisse.
921 651 942 675 «
962 635 1108 672 Omnes
1123 636 1257 672 enim”
1270 663 1285 683 ,
1316 645 1361 674 ut

178 704 232 742 ait
242 704 425 756 Cmnno,
439 723 460 747 «
480 706 562 756 ejus
573 715 705 759 partes
716 714 756 745 et
768 703 897 744 omnia
907 701 1082 743 membra
1089 712 1174 743 tum
1184 701 1360 743 facillime

180 782 420 823 noscuntur,
457 788 548 813 cum
585 783 688 813 totae
716 774 961 828 quaestiones
987 770 1200 825 scribendo
1226 772 1357 826 expli-

179 851 329 881 cantur.
397 841 467 881 Est
500 843 607 882 enim
631 841 867 882 admirabilis
894 840 1087 896 quaedam
1115 841 1358 881 continuatio

178 908 373 963 seriesque
398 921 529 947 rerum
542 938 555 958 ,
577 916 628 948 ‘ut
654 908 726 948 alia
740 923 789 947 ex
805 907 881 947 alia
896 922 996 947 nexa
1007 939 1020 958 ,
1048 918 1086 948 et
1102 922 1235 948 omnes
1252 907 1357 947 inter

177 989 218 1014 se
244 986 354 1030 aptae
393 975 668 1030 colligataeque
707 975 952 1016 videantur?
986 976 1044 1030 (1)
1073 1001 1123 1010 —
1174 974 1297 1029 Quod
1323 977 1356 1016 si

177 1056 307 1084 autem
332 1056 502 1085 mentem
538 1044 773 1099 Philosophi
815 1058 945 1085 veram
985 1044 1148 1084 subinde
1175 1059 1260 1085 non
1286 1060 1351 1085 as-

180 1124 331 1153 secutus
349 1112 504 1164 videar,
547 1124 751 1168 reputetur
777 1099 940 1168 precor,
968 1128 1046 1163 me,
1076 1113 1148 1168 qui
1171 1113 1352 1164 scribam,

178 1196 266 1221 esse
293 1184 501 1233 juvenem3
529 1199 551 1224 «
573 1196 663 1221 cum
673 1192 801 1222 autem
816 1181 1030 1223 multaeres
1044 1182 1086 1221 in
1103 1180 1354 1236 philosophia

178 1265 427 1306 nequaqnam
438 1251 527 1291 satis
538 1249 743 1305 explicitae
757 1251 836 1291 sint
849 1281 860 1302 ‚
889 1260 973 1291 tum
983 1249 1254 1306 perdifficilem
1269 1265 1352 1291 esse

175 1329 215 1359 et
241 1320 519 1373 perobscuram
544 1320 808 1374 quaestionem
836 1318 886 1358 de
902 1320 1037 1359 natm-3
1056 1319 1272 1359 Deorum.’'
1287 1320 1351 1373 (2)

177 1386 442 1437 Recordentur
463 1401 597 1429 omnes
623 1387 741 1442 ipsius
762 1386 984 1428 PLATONIS
1008 1388 1145 1429 verba:
1175 1387 1265 1429 ”rhu
1282 1387 1353 1438 μὲν

177 1457 328 1502 noma-31⁹
347 1453 411 1496 καὶ
434 1456 582 1505 Πατέραε
604 1458 708 1497 τοῦδε
730 1459 793 1496 τοῦ
816 1458 950 1501 παντὸς
974 1459 1084 1507 εὑρεῖν
1108 1474 1150 1498 τε
1175 1458 1273 1507 ἔργον
1289 1457 1350 1497 καὶ

176 1525 320 1577 εὑρόντα,
340 1528 389 1572 εἷς
410 1524 551 1572 πάντας
575 1525 747 1583 ἆδύγατον
770 1525 902 1573 λέγειν.
931 1525 1003 1581 (5).

216 1653 269 1711 (ἰ)
310 1668 379 1701 (ιω.
400 1667 469 1700 Nat.
490 1667 531 1702 n.
551 1668 579 1702 1.
600 1667 633 1709 4.

216 1724 269 1766 (2)
309 1723 378 1757 cuo.
399 1724 469 1756 Nat.
490 1723 529 1757 D.
550 1724 577 1757 1.
600 1733 629 1757 ι.

214 1779 268 1823 (³)
310 1779 384 1813 Tm
405 1791 437 1822 p.
460 1780 511 1814 28.
533 1780 570 1813 E.

917 2540 972 2580 12
