1700 3064
754 280 969 318 ...ιδ-..-

269 406 444 435 temnere
458 425 470 446 ,
508 392 603 433 dum
643 405 770 434 tamen
808 397 892 448 ipse
931 396 976 433 ea
1016 408 1173 450 quoque
1200 405 1448 448 argumenta-

266 466 377 506 tione
406 465 541 515 utitur,
569 475 614 504 ut
640 461 779 504 mundi
806 465 933 504 animo
962 476 1118 503 omnem
1145 465 1445 506 tribuat1virtu-

269 544 359 572 tem.
433 532 590 573 Scilicet
629 533 745 573 multa
785 545 895 573 erant
930 533 1237 588 praemittenda:
1278 536 1448 575 animum

266 615 443 657 corpore⁴
480 615 560 641 esse
613 602 896 655 antiquiorem3
954 600 1080 642 motus
1130 600 1239 642 illum
1283 617 1366 642 esse
1411 613 1450 642 et

266 671 518 722 generationis
556 672 735 717 initiumg
790 669 939 710 mundo
980 682 1025 710 ut
1061 681 1099 710 et
1134 670 1207 711 soli
1259 687 1304 711 ac
1353 686 1447 711 cae-

265 740 355 779 teris
407 741 641 794 corporibus
683 739 907 780 coelestibus
949 741 1074 779 inesse
1115 740 1227 781 talem
1266 740 1446 780 animum.

266 808 330 848 Ab
373 809 432 848 his
474 811 576 848 enim
617 811 742 849 omnis
784 809 939 849 demum
981 808 1131 862 pendet
1158 810 1371 861 argumenti
1392 811 1448 850 vis

268 889 307 917 et
337 879 481 917 veritas.

318 945 538 997 Diligenter
580 958 706 985 autem
733 946 1031 998 reputantibus,
1073 945 1270 1000 quomodo
1296 944 1449 985 tandem

263 1014 358 1054 haec
386 1016 516 1054 omnia
544 1012 848 1065 argumentando
874 1014 1098 1068 probaverit
1124 1015 1272 1054 PLATO
1287 1045 1299 1065 ‚
1330 1013 1449 1053 multa

268 1082 482 1123 desiderari
509 1081 715 1123 videantur
730 1110 743 1130 ‚
771 1096 923 1122 necesse
951 1094 1019 1122 est.
1076 1084 1130 1122 Ut
1154 1082 1398 1139 semperfere
1407 1084 1450 1121 in

264 1150 579 1207 philosophando
594 1182 605 1202 ,
644 1153 698 1190 ita
731 1150 797 1190 hic
839 1165 996 1205 quoque
1035 1152 1152 1191 animi
1186 1152 1345 1192 humani
1376 1166 1448 1192 ex-

264 1219 460 1274 ploranda
490 1218 628 1259 natura
662 1216 711 1257 ad
741 1219 819 1257 veri
853 1220 1124 1271 cognitionem&
1140 1220 1253 1258 unice
1279 1234 1318 1258 se
1347 1233 1448 1272 per-

263 1288 397 1328 venire
434 1302 547 1343 posse
589 1288 762 1342 putavit3
808 1302 883 1326 nee
917 1297 1043 1327 tamen
1073 1288 1158 1327 satis
1186 1288 1257 1327 hic
1283 1287 1448 1327 humana

264 1373 284 1397 a
311 1357 450 1397 divinis
478 1357 664 1397 distinxit.
707 1357 883 1396 Hominis
906 1358 1075 1395 animum
1100 1358 1141 1396 in
1168 1372 1336 1411 corpore
1355 1372 1445 1396 om-

264 1428 426 1478 nigenos
467 1427 621 1477 gignere
661 1436 786 1464 motus
824 1441 868 1465 ac
900 1427 1125 1465 mutationes
1152 1427 1444 1476 observaverat3

262 1495 360 1534 hinc
389 1506 541 1544 tamen,
576 1508 661 1533 cum
687 1494 803 1532 animi
832 1492 953 1535 divini
981 1495 1021 1532 in
1051 1508 1180 1533 rerum
1194 1494 1448 1548 generatione

262 1563 455 1617 explicare
498 1562 613 1602 vellet
651 1562 818 1610 δύναμιν,
858 1561 998 1601 accidit
1039 1564 1279 1606 necessario,
1327 1573 1370 1601 ut
1403 1562 1446 1600 in

264 1647 392 1684 graves
423 1631 611 1671 incideret
636 1646 794 1672 errores.
849 1633 939 1672 Non
965 1633 1067 1671 enim
1082 1632 1265 1671 'hominis
1299 1632 1448 1670 animus

264 1713 431 1752 corpus,
469 1699 531 1736 eui
560 1700 673 1737 vitam
700 1699 791 1747 alit,
819 1701 1015 1749 generavit
1043 1701 1165 1738 etiam.
1219 1700 1301 1737 Nec
1334 1698 1447 1747 ideo,

261 1767 353 1809 lieet
381 1768 529 1808 animus
557 1768 734 1808 universe
760 1767 947 1807 habeatur
981 1778 1107 1807 motus
1135 1767 1307 1819 initium,
1347 1781 1447 1807 con-

264 1839 372 1877 tinuo
410 1839 664 1889 generationis
701 1853 858 1893 quoque
895 1839 1018 1877 omnis
1055 1849 1111 1877 est
1151 1853 1259 1877 eausa
1296 1839 1447 1892 prima3

263 1920 360 1956 nec,
403 1906 495 1947 licet
519 1922 683 1961 corpore
708 1919 812 1948 moto
842 1908 990 1947 animus
1014 1921 1173 1947 movens
1200 1907 1309 1961 prius
1334 1906 1450 1946 fuerit

262 1989 414 2016 necesse
437 1977 508 2024 sit,
537 1991 699 2030 corpore
726 1976 832 2015 omni
858 1977 1005 2015 animus
1035 1977 1230 2030 antiquior
1255 1975 1333 2014 diei
1351 1990 1447 2029 pos-

263 2044 325 2082 sit.
381 2043 479 2082 Aliis
523 2043 737 2094 indigemus
769 2045 841 2083 hic
871 2046 1114 2095 argumentis.
1169 2043 1271 2084 Illud
1299 2058 1447 2097 porro,

262 2111 374 2168 quod
414 2115 590 2152 omnium
624 2114 667 2151 in
704 2112 806 2151 hisce
841 2114 1046 2152 maximum
1070 2124 1149 2164 est,
1193 2112 1342 2153 mundo
1380 2112 1446 2150 ni-

262 2183 403 2221 mirum
442 2183 564 2221 inesse
597 2181 710 2220 talem
743 2183 938 2233 animum,
984 2198 1065 2222 non
1103 2184 1191 2222 satis
1231 2181 1390 2234 probari
1428 2198 1449 2219 a

262 2250 471 2290 PLATONE
522 2249 698 2300 videtur3
754 2264 842 2290 cum
891 2249 1063 2305 denique
1101 2266 1171 2300 eo,
1216 2248 1324 2305 quod
1368 2261 1448 2289 tum

264 2316 435 2366 mundo,
472 2330 553 2358 tum
586 2319 684 2370 soli,
725 2320 838 2359 lunae
869 2322 1054 2374 astrisque
1084 2322 1228 2359 animos
1253 2335 1327 2359 esse
1352 2335 1447 2374 per-

264 2386 401 2436 hibet,
450 2387 676 2429 innumeros
725 2389 805 2428 sere
844 2390 990 2443 primos
1029 2397 1178 2437 motus,
1229 2389 1448 2428 innumeras

268 2455 416 2507 primas
445 2469 575 2494 rerum
604 2470 730 2495 causas
758 2456 888 2495 adesse
919 2456 1079 2505 efficiat,
1123 2467 1261 2511 atque,
1303 2458 1449 2496 huma-

263 2537 406 2579 norum
433 2523 592 2564 confusa
624 2534 665 2564 et
692 2523 910 2566 divinorum
939 2526 1158 2566 animorum
1183 2525 1335 2576 natur-⁶¹:⁴1,
1361 2521 1451 2563 tales
