1700 3064
705 254 947 295 -115—

240 369 436 413 Soonxrl
476 368 517 409 in
545 368 791 426 disciplinam
815 370 910 412 dare
935 368 1078 420 vellet,
1121 366 1186 406 hic
1214 380 1318 406 more
1343 382 1411 408 suo

236 437 505 487 renuntiabatg
548 438 691 479 scilicet
730 454 770 480 se
805 439 864 479 nil
902 440 1001 479 scire
1041 437 1195 488 ajebat,
1236 434 1331 479 πλήν
1366 447 1412 479 γε

238 507 385 555 σμικροῦ
432 507 523 552 τινὸς.
544 507 772 556 μαθήματος,
809 510 877 546 τῶν
906 508 1083 556 ἐρωτικῶν.
1144 504 1271 544 Instat
1320 502 1414 542 DE-

240 586 466 626 nonocvsg
510 579 672 626 iuvenes>
710 570 926 629 complures
956 585 1153 624 recenset,
1193 573 1417 613 SOCRATIS

237 643 476 687 institutione
515 644 700 696 meliores.
736 643 870 698 factos.
927 642 1055 683 SocR.
1108 643 1223 682 Latet
1257 650 1295 680 te
1308 669 1322 690 ,
1364 638 1419 678 mi

238 713 381 763 bonel,
434 712 632 753 undenam
672 711 768 751 mihi
809 712 886 752 hoc
912 713 1072 753 eveniat.
1110 711 1220 752 Ἔστι
1243 710 1318 759 γὰρ
1341 708 1417 759 θείᾳ

237 783 342 832 μοίρᾳ
375 782 617 830 παρεπόμενον
655 775 734 831 ἐμᾳῖ
769 781 811 825 ἐκ
846 780 970 824 παιδὸς
1004 780 1202 830 ἀρξάμενον
1226 778 1414 827 δαιμόνιον.

237 851 341 891 Haec
365 861 490 890 autem
518 864 589 889 vox
615 862 693 900 est,
731 865 831 904 quae
857 861 992 890 exorta
1017 864 1169 905 semper
1195 846 1414 897 dissuadet,

238 933 452 974 numquam
481 933 587 961 vero,
601 918 649 957 ad
681 917 829 973 aliquid
855 917 1031 972 impellit.
1086 918 1151 958 Sic
1164 946 1177 968 ,
1205 918 1275 957 ubi
1301 916 1419 957 amici

238 988 335 1030 mihi
359 986 517 1041 aliquid.
534 989 841 1035 communicant,
868 997 910 1026 et
936 986 1034 1025 mihi
1058 1000 1137 1026 vox
1161 985 1225 1025 illa
1253 985 1416 1035 accidit,

237 1054 446 1105 dissuadet,
475 1068 556 1096 nec·
577 1055 702 1096 facere
720 1054 819 1095 illud
833 1055 937 1096 sinit.
981 1055 1110 1095 Testis
1137 1055 1186 1094 sit
1203 1055 1416 1094 CHAmn-

239 1138 331 1166 mss.
359 1126 520 1169 Novistis
538 1127 661 1166 v'irum
676 1126 862 1181 probum,
892 1125 1150 1166 GLAucoms
1167 1123 1307 1164 filium.
1347 1123 1423 1163 Hie

239 1194 338 1235 forte
364 1194 463 1234 mihi
489 1194 660 1234 narravit
673 1224 687 1244 ,
719 1208 760 1234 se
786 1192 911 1234 stadio
938 1193 1211 1234 certare-velle
1238 1194 1418 1233 Nemeae.

240 1263 307 1311 At,
335 1265 465 1304 statim
491 1264 560 1303 ubi
587 1262 717 1303 dicere
745 1263 920 1317 incepit,
954 1277 1027 1303 vox
1052 1262 1152 1302 mihi
1176 1261 1306 1302 audita
1332 1271 1420 1312 est,

239 1343 280 1372 et
306 1346 376 1383 ego
402 1330 558 1371 dissuasi
581 1330 740 1370 dicens:
769 1331 929 1370 interim
956 1329 1052 1371 dum
1074 1330 1223 1371 locutus
1239 1345 1292 1380 es,
1311 1328 1417 1370 ,dae-

239 1401 359 1439 monii
385 1400 482 1438 mihi
506 1414 579 1439 vox
606 1398 672 1438 illa
698 1398 875 1450 contigit.
920 1400 978 1438 Ne
991 1400 1125 1452 itaque
1141 1398 1262 1439 stadio
1275 1413 1418 1449 curras,

239 1482 392 1508 moneo.
434 1468 541 1508 Tum
557 1466 634 1517 ille,
662 1465 823 1507 fortasse
838 1495 851 1515 ,
879 1466 1022 1522 inquit,
1041 1466 1105 1506 ina
1123 1467 1331 1520 significat,
1361 1480 1424 1507 me

245 1537 443 1579 victoriam
474 1551 559 1580 ¹non
586 1546 873 1590 reportaturum
899 1550 979 1576 esse
992 1566 1005 1587 ,
1045 1535 1115 1576 sed
1129 1568 1141 1587 ,
1183 1536 1329 1579 etiamsi
1354 1537 1425 1577 in-

242 1607 362 1647 ferior
402 1604 614 1656 decedam,
641 1604 813 1645 certasse*
833 1604 1032 1659 proficiet.
1077 1605 1146 1646 His
1174 1605 1299 1657 dictis,
1327 1620 1421 1646 cer-

245 1687 363 1716 tatum
385 1677 467 1716 ivit.
510 1676 661 1715 Verum
686 1689 822 1728 operae
851 1685 910 1713 est
932 1676 1103 1729 pretium
1128 1676 1177 1714 ab
1201 1677 1288 1729 ipso
1303 1674 1421 1715 audi-

240 1744 351 1793 visse,
378 1742 476 1798 quid
501 1743 575 1782 sibi
602 1757 651 1782 ex
675 1742 752 1782 hoc
775 1742 983 1783 certamine
1014 1743 1230 1795 contigerit.
1262 1765 1311 1773 ——
1333 1741 1424 1783 Alia

242 1812 534 1866 opportunitate
576 1812 845 1851 Tnnmcmm
886 1821 926 1850 et
964 1812 1215 1862 Pmumon,
1251 1813 1424 1852 N1c1m

242 1879 505 1929 interfecturi,
543 1895 564 1919 a
607 1880 785 1922 convivio
818 1894 1031 1920 surrexere.
1080 1881 1350 1921 TIMARCHUS
1375 1880 1428 1921 ad

188 1989 191 1992 ,
242 1963 326 1997 me,
364 1946 474 2002 Quid
507 1962 635 1988 censes
650 1975 665 1996 ‚
698 1947 925 1999 Socntesz,
968 1949 1123 2003 inquit,
1161 1963 1233 1989 vos
1259 1948 1424 2004 quidem

242 2019 387 2068 bibite,
421 2019 505 2072 ipse
531 2031 600 2074 ego
626 2016 702 2057 alio
740 2018 867 2057 exibo.
919 2017 962 2057 Si
983 2019 1037 2058 ita
1063 2019 1311 2070 eontigerit„
1333 2029 1424 2059 mox

244 2086 394 2127 redibo.
450 2085 527 2125 Kx!
555 2101 614 2134 μοι
651 2075 791 2132 ἐγένετο
816 2087 837 2131 ἡ
863 2087 964 2136 Φωνῆ
978 2113 992 2136 ,
1034 2098 1076 2127 et
1090 2117 1103 2135 ‚
1148 2101 1393 2144 nequaquam
1408 2115 1422 2138 ,

244 2158 403 2211 inquam
416 2187 428 2206 ‚
456 2171 596 2207 surges.
636 2155 738 2200 Mihi
764 2156 869 2196 enim
894 2154 1050 2196 solitum
1066 2158 1322 2196 Daemonium
1338 2158 1422 2210 sig-

245 2239 341 2264 num
369 2224 492 2265 dedit.
534 2224 693 2279 Quievit
719 2224 797 2265 ille.
840 2224 958 2266 Paulo
983 2236 1074 2281 post
1097 2225 1154 2264 ire
1181 2225 1346 2279 parabat
1371 2222 1424 2278 et',

245 2295 303 2333 Eo
320 2296 410 2344 jam,
439 2296 640 2336 Socrates!
667 2293 775 2336 dixit.
807 2294 913 2340 Αὖθις
939 2295 1078 2342 ἐγένετο
1102 2296 1123 2341 ἧ
1148 2296 1262 2345 Φωνή,
1290 2308 1330 2337 ct
1344 2298 1422 2338 ite-

246 2376 332 2402 rum
374 2376 462 2402 eum
498 2355 674 2405 cohibui.
735 2364 870 2405 Tertio
908 2363 1007 2403 clam
1034 2365 1223 2414 surrexit,
1262 2379 1323 2404 me
1349 2364 1423 2412 alio

247 2432 417 2472 animum
443 2430 694 2485 advertente3
724 2444 763 2473 et
790 2435 843 2473 ita
870 2433 1065 2487 profectus
1081 2464 1092 2483 ,
1122 2436 1285 2489 peregit,
1315 2433 1424 2489 quod

1015 2502 1076 2545 3.
