1700 3064
748 272 990 311 -140—

259 388 497 430 Universum
522 379 744 438 conferant3
783 387 892 443 quod
925 398 1056 428 tamen
1083 392 1152 446 qui
1178 391 1320 441 nescit,
1357 398 1430 429 nec

257 457 359 499 vitae
383 460 571 500 rationem
599 454 784 509 intelliget
808 470 1004 512 unquam,
1045 471 1117 497 nec
1140 458 1270 501 dicere
1293 458 1430 516 potati}

258 525 309 567 de
336 529 431 568 vitae
457 524 638 566 felicitate
663 537 730 567 aut
750 526 905 567 miseria
931 525 1032 581 (1).”

310 595 435 648 Ipsam
473 594 632 635 omnino
663 593 743 634 hoc
767 609 945 635 sermone
971 596 1120 635 notavit
1143 593 1293 635 Pano
1307 595 1431 650 impii

257 661 618 714 errorisoriginem.
645 662 802 713 Omnia,
819 677 919 718 quae
933 662 1038 703 fiunt
1048 661 1405 711 inrebushumanis
1418 694 1431 715 ,

256 731 333 769 suis
347 731 445 771 votis
457 760 469 781 ‚
483 730 559 770 suis
576 729 744 770 consiliis
755 759 769 781 ,
783 745 873 771 suae
886 759 899 781 ‚
913 737 991 786 qua
1005 730 1220 783 gloriantur
1230 758 1244 779 ,
1270 731 1433 784 sapien·-

257 797 333 841 tiae
378 798 582 838 convenire
609 808 754 838 temere
781 797 918 839 volunt
943 796 1133 839 homines·
1180 797 1282 838 Cum
1306 807 1433 838 autem

257 867 450 907 contraria
463 867 648 908 eveniunt
657 894 672 915 ,
690 881 775 907 non
788 867 949 907 humani
960 867 1107 918 ingenii
1117 865 1433 915 imbecillitatem,

256 944 322 974 aut
362 934 502 974 mentis
547 934 747 974 stultitiam
787 945 992 987 accusant,
1033 949 1133 992 quae
1158 918 1230 974 alia
1254 944 1435 975 eventura

257 1005 488 1056 conjecerat3
505 1019 587 1044 non
601 1005 874 1058 sapientiorem
888 1004 1006 1047 divini
1017 1006 1194 1047 Numinis
1209 1006 1283 1057 jam
1296 1004 1436 1060 perfici

257 1072 495 1114 voluntatem
521 1072 766 1126 intelligunt:
794 1072 865 1114 sed
889 1073 1088 1115 clamitant
1099 1075 1287 1115 continuo
1300 1104 1312 1126 ,
1338 1072 1432 1113 nul-

258 1141 339 1183 lum
375 1143 500 1183 Deum
525 1157 587 1182 res
614 1157 750 1194 regere
777 1142 982 1192 humanas,
1010 1143 1212 1196 quia-Deo
1237 1157 1319 1182 non
1344 1143 1436 1197 pla-

259 1209 384 1248 cuerit
396 1235 410 1256 ,
425 1207 533 1262 quod
549 1208 623 1261 ipsi
637 1208 881 1263 expetebant.
894 1224 943 1234 —
955 1208 1116 1260 Egregie
1129 1218 1257 1248 autem
1270 1209 1436 1247 Deorum

256 1275 465 1333 providam
502 1290 636 1316 curam
674 1277 849 1331 exposuit
885 1276 957 1316 hic
994 1276 1175 1317 Hosrns.
1231 1276 1437 1318 verissime

260 1346 434 1387 Universi
453 1360 527 1401 per
540 1356 667 1401 partes
680 1344 838 1386 salutem
849 1374 862 1395 ,
878 1344 1076 1386 consilium
1089 1345 1281 1385 Curatoris
1295 1346 1432 1400 optimi

257 1414 368 1455 dixit.
413 1414 584 1455 Maxime
622 1427 782 1469 quoque
811 1411 1125 1468 comprobandae
1151 1412 1335 1454 videntur
1354 1416 1430 1452 'ra-

256 1484 384 1525 tiones
402 1512 415 1534 ,
458 1484 602 1538 quibus
640 1480 905 1526 demonstrare
931 1484 1118 1538 suscepit,
1160 1496 1294 1524 revera
1323 1481 1438 1523 talem
1467 1484 1471 1490 '

260 1554 366 1593 Deos
392 1566 504 1604 agere
532 1566 676 1593 curam.

310 1621 485 1675 Quinam
522 1631 649 1662 autem
684 1621 830 1661 fuerint
854 1620 1105 1674 negligentiae
1133 1620 1285 1662 divinae
1312 1636 1437 1662 asser-

258 1702 360 1731 tores
398 1689 476 1741 illi,
518 1705 615 1745 quos
655 1691 781 1745 carpit
805 1690 972 1730 Hospas
987 1720 1000 1741 ‚
1042 1706 1124 1731 non
1149 1702 1268 1745 patet.
1325 1691 1440 1732 Nulla
1458 1701 1472 1741 j

257 1760 480 1800 Puroms
506 1768 629 1799 aetate
657 1769 743 1801 erat
767 1757 1097 1814 Philosophorum
1122 1758 1279 1811 schola,
1306 1760 1350 1799 in
1363 1775 1441 1815 qua

256 1828 374 1870 talem
408 1828 590 1884 profiteri
629 1828 787 1883 impiam
825 1829 1054 1869 sententiam
1093 1827 1273 1869 docentes
1310 1827 1436 1868 aude-

263 1897 373 1937 bant.
411 1932 413 1934 .
441 1897 627 1938 Attamen
680 1896 788 1937 fuere
841 1895 1005 1937 forsitan
1048 1906 1114 1937 aut
1165 1896 1438 1952 Sophistarum

258 1965 460 2016 nonnulli,
502 1977 567 2007 aut
605 1967 842 2008 ARCHELAI
883 1965 1096 2007 deteriores
1123 1966 1328 2022 discipuli,
1370 1978 1437 2007 aut

258 2035 487 2076 ARISTIPPI
521 2036 617 2077 male
654 2035 777 2077 seduli
814 2034 1028 2084 auditores,
1069 2036 1138 2091 qui
1175 2036 1281 2089 turpi
1309 2048 1441 2074 errore

258 2121 298 2148 se
310 2105 475 2147 infectos
487 2104 748 2147 ostenderent.
797 2107 984 2148 Novimus
997 2116 1197 2161 praeterea
1204 2105 1437 2145 Emeumm

258 2185 392 2231 aperte
417 2173 599 2214 docuisse
614 2203 625 2223 ‚
652 2175 826 2213 Deorum
838 2174 989 2214 beatam
999 2185 1142 2214 sortem
1158 2187 1210 2212 eo
1223 2173 1440 2220 contineri,

260 2242 367 2300 quod
398 2232 566 2297 ‘negotiis
605 2241 882 2297 affectibusque
920 2243 1100 2283 omnibus
1136 2241 1300 2281 omnino
1326 2241 1435 2282 vacui

260 2322 407 2362 essent3
437 2326 644 2367 perperam
670 2311 786 2362 igitur
800 2310 1085 2351 Providentiam
1097 2307 1234 2348 mundi
1244 2310 1289 2349 iis
1302 2310 1434 2349 tribui.

262 2380 420 2421 Censuit
459 2382 565 2421 enim
578 2413 591 2433 ‚
627 2378 743 2436 ‘quod
785 2380 1001 2419 aeternum*
1022 2378 1256 2434 beatumque
1277 2378 1351 2429 sit,
1394 2376 1435 2417 id

308 2533 358 2574 (ι)
380 2533 460 2565 Lm.
483 2530 517 2564 X.
539 2530 609 2571 904.
631 2532 667 2564 E.
692 2549 731 2557 —
755 2533 829 2574 905.
850 2532 883 2566 C.
914 2532 960 2565 Cf.
983 2533 1017 2564 de
1039 2544 1107 2565 cura
1127 2533 1186 2565 Dei
1200 2533 1292 2566 Erm·
1311 2531 1383 2571 983.
1400 2530 1437 2561 B-
