1700 3064
730 296 979 324 0——120—

243 404 424 446 maxime
439 404 489 444 de
504 402 760 445 Daemonibus
774 401 933 443 disserat
943 391 1220 456 Philosophus,
1237 415 1351 442 nemo
1364 397 1444 440 du-

256 472 359 512 bitet
373 503 384 519 ,
414 474 481 526 qui
506 473 728 510 PLATONIS
756 473 922 512 ironiam
955 470 1157 520 intelligit,
1189 470 1447 524 dictionisque

257 539 470 581 observavit
511 538 705 578 rationem
718 568 731 589 ,
776 540 856 595 qua
897 540 950 578 uti
978 536 1076 578 solet
1090 564 1104 587 ,
1157 537 1227 576 ubi
1252 552 1446 578 assensum

256 609 398 660 fingit,
440 621 574 648 revera
612 618 740 647 autem
780 609 1076 649 assentientibus
1115 605 1259 646 illudit.
1316 609 1448 646 Unum

254 674 365 714 illum
394 676 427 714 si
453 675 702 729 inspiciamus
719 675 863 728 locum,
891 677 961 715 ubi
978 677 1185 715 TIMAEUS
1203 674 1304 714 'vates
1321 675 1448 728 carpit

262 744 576 798 antiquissimos,
606 744 675 798 qui
702 744 753 784 de
780 746 910 786 multis
935 745 1009 785 illis
1031 746 1123 792 Diis,
1152 745 1295 784 Terrae
1314 743 1447 781 Ocea-

257 814 380 867 nique
405 812 520 866 prole
537 843 548 863 ,
576 812 745 853 absurda
758 814 995 868 protulerint
1013 814 1086 868 (1),
1116 811 1358 853 manifestum
1372 811 1449 849 erit

256 879 396 935 procul
410 879 532 922 dubio
543 910 556 933 ‚
584 880 699 935 longe
728 882 846 923 alium
874 883 931 923 ibi
945 883 1152 925 verborum
1168 896 1247 923 esse
1263 879 1447 921 dilectum

256 959 376 1003 atque
393 964 523 1002 usum,
553 950 666 990 aliam
680 950 861 991 dictionis
879 952 1064 1003 indolem,
1085 952 1256 1007 quamin
1267 949 1446 991 omnibus

255 1018 316 1069 iis,
347 1033 446 1074 quae
474 1017 526 1059 de
540 1020 802 1061 Daemonibus
824 1020 1034 1076 disputavit
1056 1021 1222 1061 PLATo.
1266 1022 1447 1060 Attamen

259 1086 332 1127 diu
371 1087 470 1127 mihi
493 1102 577 1127 non
603 1088 703 1128 nihil
729 1089 800 1128 alia
832 1089 978 1143 placuit
1010 1089 1209 1128 sententia.
1261 1088 1451 1127 Putabam

259 1157 435 1209 scilicet,
474 1159 722 1199 PLATONEM
749 1158 792 1198 id
820 1161 949 1211 egisse,
979 1171 1021 1199 ut
1047 1160 1177 1199 minus
1203 1159 1451 1214 probabilem

258 1227 309 1267 de
336 1229 595 1267 Daemonibus
622 1227 839 1268 doctrinam
851 1231 936 1283 ipse
953 1228 1085 1267 melius
1101 1229 1446 1282 interpretaretur3

258 1298 311 1336 ita
320 1306 366 1336 ut
378 1283 552 1337 mentem
565 1297 769 1338 humanam
782 1299 922 1353 cuique
931 1297 1037 1338 idem
1049 1313 1140 1346 esse,
1157 1297 1265 1353 quod
1278 1299 1447 1338 Daemo-

258 1379 349 1404 nem
368 1379 505 1404 vocare
519 1366 669 1405 solebat
681 1366 821 1420 populi
835 1353 1067 1420 superstiti0‚
1094 1366 1264 1408 doceret.
1300 1369 1449 1408 Verum

261 1433 367 1472 enim
394 1447 488 1473 vero
525 1433 657 1474 omnia
673 1465 685 1484 ‚
716 1448 816 1489 quae
840 1433 952 1475 attuli
979 1433 1064 1474 loca
1078 1466 1091 1486 ,
1119 1434 1332 1475 conferenti
1359 1434 1453 1474 haec

265 1515 423 1555 quoque
452 1502 580 1541 minus
607 1502 704 1541 mihi
730 1502 954 1543 verosimilis
980 1504 1057 1542 visa
1095 1515 1154 1543 est
1182 1505 1325 1558 opinio.
1380 1504 1452 1541 In-

264 1569 479 1610 telleximus
495 1598 508 1619 ‚
551 1571 663 1611 nobis
686 1570 881 1622 accidisse,
911 1571 1019 1627 quod
1046 1572 1175 1612 multis
1203 1571 1309 1612 haud
1335 1571 1454 1611 dubie

263 1638 406 1679 accidit
443 1640 671 1679 PLATONIS
710 1642 1012 1695 interpretibus.
1069 1643 1369 1692 Dubitaveram,
1405 1655 1452 1679 an

259 1708 354 1749 huic
383 1706 433 1748 de
456 1709 719 1750 Daemonibus
743 1710 959 1750 sententiae
980 1710 1122 1751 faveret
1136 1712 1308 1761 Pauo,
1342 1725 1449 1766 quo-

260 1778 367 1817 niam
393 1776 449 1817 illi
475 1778 601 1817 favere
630 1793 719 1817 eum
746 1778 955 1819 nolueram.
1401 1818 1403 1821 .

313 1849 368 1888 Et
402 1847 470 1888 hic
510 1847 670 1889 tandem
709 1859 865 1889 nostrae
893 1846 943 1888 de
970 1848 1237 1889 Daemonibus
1265 1846 1447 1903 disputa-

263 1917 364 1957 tioni
406 1916 497 1957 finis
523 1919 585 1958 sit.
639 1920 786 1958 Rerum
813 1918 994 1959 Universi
1020 1919 1340 1970 gubernationem
1367 1916 1452 1957 dis—

264 1985 405 2027 tribuit
429 1985 576 2024 PLATo
604 1988 708 2026 inter
734 1988 835 2027 Deos
859 1997 898 2026 et
926 1988 1150 2036 Daemones,
1180 1987 1319 2027 summi
1344 1987 1455 2037 Regis

261 2053 487 2102 ministros3
542 2053 599 2091 uti
647 2055 689 2092 in
734 2055 950 2095 civitatibus
991 2055 1166 2094 humanis
1203 2070 1293 2095 suos
1338 2054 1457 2107 habet
1492 2086 1495 2089 .

260 2135 433 2162 summus
466 2120 670 2175 Imperans
703 2123 900 2163 universae
927 2118 1177 2178 Reipublicae
1205 2123 1454 2177 partiumque

262 2190 505 2242 singularum
555 2199 751 2229 curatores
804 2192 985 2232 minores.
1057 2194 1273 2232 Daemones
1331 2192 1450 2242 magis

267 2260 395 2309 etiam,
426 2273 543 2314 quam
569 2259 669 2299 Deos
694 2268 857 2310 creatos,
887 2261 1026 2300 natura
1041 2263 1126 2310 sua,
1157 2260 1193 2300 vi
1207 2274 1252 2299 ac
1266 2271 1452 2314 potestate

264 2342 417 2369 summo
443 2328 612 2367 Numine
639 2328 842 2368 inferiores
871 2328 1007 2367 habuit
1032 2326 1306 2381 Philosophus.

319 2397 536 2452 Quaeritur
563 2396 721 2449 deinde,
751 2408 884 2438 utrum
900 2396 1084 2437 maximus
1097 2395 1161 2437 ille
1179 2397 1296 2449 Deus,
1322 2412 1453 2437 rerum

306 2552 357 2596 (ι)
381 2552 455 2584 Tm.
478 2551 530 2584 40.
552 2550 592 2583 n.
615 2550 649 2583 E.
