<?xml version="1.0" encoding="UTF-8"?>
<!DOCTYPE html PUBLIC "-//W3C//DTD XHTML 1.0 Transitional//EN"
    "http://www.w3.org/TR/xhtml1/DTD/xhtml1-transitional.dtd">
<html xmlns="http://www.w3.org/1999/xhtml" xml:lang="en" lang="en">
 <head>
  <title>
</title>
<meta http-equiv="Content-Type" content="text/html;charset=utf-8" />
  <meta name='ocr-system' content='tesseract 3.04.00' />
  <meta name='ocr-capabilities' content='ocr_page ocr_carea ocr_par ocr_line ocrx_word'/>
</head>
<body>
  <div class='ocr_page' id='page_1' title='image "4737329_0122.png"; bbox 0 0 1700 3064; ppageno 0'>
   <div class='ocr_carea' id='block_1_1' title="bbox 737 313 978 340">
    <p class='ocr_par' dir='ltr' id='par_1_1' title="bbox 737 313 978 340">
     <span class='ocr_line' id='line_1_1' title="bbox 737 313 978 340; baseline -0.004 0"><span class='ocrx_word' id='word_1_1' title='bbox 737 313 978 340; x_wconf 85' lang='lat'><strong>—100—</strong></span> 
     </span>
    </p>
   </div>
   <div class='ocr_carea' id='block_1_2' title="bbox 185 415 1451 2389">
    <p class='ocr_par' dir='ltr' id='par_1_2' title="bbox 185 415 1451 2389">
     <span class='ocr_line' id='line_1_2' title="bbox 300 415 1423 468; baseline -0.002 -10"><span class='ocrx_word' id='word_1_2' title='bbox 300 415 415 458; x_wconf 66' lang='lat' dir='ltr'><strong>Haud</strong></span> <span class='ocrx_word' id='word_1_3' title='bbox 454 416 573 455; x_wconf 82' lang='lat' dir='ltr'><strong>dubie</strong></span> <span class='ocrx_word' id='word_1_4' title='bbox 614 431 701 456; x_wconf 87' lang='lat' dir='ltr'><strong>cum</strong></span> <span class='ocrx_word' id='word_1_5' title='bbox 745 418 839 458; x_wconf 85' lang='lat' dir='ltr'><strong>viris</strong></span> <span class='ocrx_word' id='word_1_6' title='bbox 876 418 936 457; x_wconf 82' lang='lat' dir='ltr'><strong>his</strong></span> <span class='ocrx_word' id='word_1_7' title='bbox 972 417 1129 468; x_wconf 78' lang='lat' dir='ltr'>egregiis</span> <span class='ocrx_word' id='word_1_8' title='bbox 1157 417 1298 457; x_wconf 80' lang='lat' dir='ltr'><strong>nobilis</strong></span> <span class='ocrx_word' id='word_1_9' title='bbox 1325 417 1423 456; x_wconf 78' lang='lat' dir='ltr'><strong>c&#39;tm-</strong></span> 
     </span>
     <span class='ocr_line' id='line_1_3' title="bbox 246 475 1429 547; baseline -0.002 -22"><span class='ocrx_word' id='word_1_10' title='bbox 246 486 366 527; x_wconf 74' lang='lat' dir='ltr'><strong>sensit</strong></span> <span class='ocrx_word' id='word_1_11' title='bbox 402 483 662 539; x_wconf 87' lang='lat' dir='ltr'><strong>philosophus</strong></span> <span class='ocrx_word' id='word_1_12' title='bbox 701 484 905 538; x_wconf 77' lang='lat' dir='ltr'>SENECA,</span> <span class='ocrx_word' id='word_1_13' title='bbox 947 486 1040 542; x_wconf 85' lang='lat' dir='ltr'><strong>qui,</strong></span> <span class='ocrx_word' id='word_1_14' title='bbox 1082 483 1133 547; x_wconf 82' lang='lat' dir='ltr'><strong>de</strong></span> <span class='ocrx_word' id='word_1_15' title='bbox 1159 475 1263 527; x_wconf 77' lang='lat' dir='ltr'><strong>Iovis</strong></span> <span class='ocrx_word' id='word_1_16' title='bbox 1290 495 1429 525; x_wconf 78' lang='lat' dir='ltr'><strong>natura</strong></span> 
     </span>
     <span class='ocr_line' id='line_1_4' title="bbox 247 550 1430 610; baseline 0.001 -19"><span class='ocrx_word' id='word_1_17' title='bbox 247 568 390 604; x_wconf 82' lang='lat' dir='ltr'><strong>agenS,</strong></span> <span class='ocrx_word' id='word_1_18' title='bbox 431 552 551 593; x_wconf 72' lang='lat' dir='ltr'><strong>multa</strong></span> <span class='ocrx_word' id='word_1_19' title='bbox 590 554 766 608; x_wconf 79' lang='lat' dir='ltr'><strong>profert,</strong></span> <span class='ocrx_word' id='word_1_20' title='bbox 807 568 906 610; x_wconf 73' lang='lat' dir='ltr'><strong>quae</strong></span> <span class='ocrx_word' id='word_1_21' title='bbox 932 568 979 593; x_wconf 89' lang='lat' dir='ltr'><strong>eo</strong></span> <span class='ocrx_word' id='word_1_22' title='bbox 1008 550 1204 601; x_wconf 87' lang='lat' dir='ltr'><strong>tendunt,</strong></span> <span class='ocrx_word' id='word_1_23' title='bbox 1243 563 1286 592; x_wconf 89' lang='lat' dir='ltr'><strong>ut</strong></span> <span class='ocrx_word' id='word_1_24' title='bbox 1307 554 1430 592; x_wconf 84' lang='lat' dir='ltr'><strong>Deum</strong></span> 
     </span>
     <span class='ocr_line' id='line_1_5' title="bbox 247 615 1430 676; baseline -0.002 -15"><span class='ocrx_word' id='word_1_25' title='bbox 247 630 414 675; x_wconf 84' lang='lat' dir='ltr'><strong>corpore</strong></span> <span class='ocrx_word' id='word_1_26' title='bbox 448 621 620 663; x_wconf 87' lang='lat' dir='ltr'><strong>liberum</strong></span> <span class='ocrx_word' id='word_1_27' title='bbox 649 622 892 676; x_wconf 82' lang='lat' dir='ltr'><strong>profiteatur.</strong></span> <span class='ocrx_word' id='word_1_28' title='bbox 947 623 1071 662; x_wconf 82' lang='lat' dir='ltr'><strong>Locus</strong></span> <span class='ocrx_word' id='word_1_29' title='bbox 1098 631 1154 660; x_wconf 62' lang='lat' dir='ltr'><strong>est</strong></span> <span class='ocrx_word' id='word_1_30' title='bbox 1182 615 1430 670; x_wconf 63' lang='grc' dir='ltr'><strong>ιἰοῑὶεείωιιε,</strong></span> 
     </span>
     <span class='ocr_line' id='line_1_6' title="bbox 246 687 1433 744; baseline -0.003 -15"><span class='ocrx_word' id='word_1_31' title='bbox 246 687 338 737; x_wconf 90' lang='lat' dir='ltr'><strong>sed,</strong></span> <span class='ocrx_word' id='word_1_32' title='bbox 383 698 518 744; x_wconf 80' lang='lat' dir='ltr'><strong>utpote</strong></span> <span class='ocrx_word' id='word_1_33' title='bbox 555 689 738 740; x_wconf 79' lang='lat' dir='ltr'><strong>eximius,</strong></span> <span class='ocrx_word' id='word_1_34' title='bbox 772 690 848 729; x_wconf 90' lang='lat' dir='ltr'><strong>hic·</strong></span> <span class='ocrx_word' id='word_1_35' title='bbox 872 687 1179 730; x_wconf 60' lang='lat' dir='ltr'><strong>describendum</strong></span> <span class='ocrx_word' id='word_1_36' title='bbox 1227 705 1247 729; x_wconf 84' lang='lat'>«</span> <span class='ocrx_word' id='word_1_37' title='bbox 1268 700 1318 726; x_wconf 84' lang='lat' dir='ltr'><strong>ne</strong></span> <span class='ocrx_word' id='word_1_38' title='bbox 1358 688 1433 727; x_wconf 87' lang='lat' dir='ltr'><strong>hoc</strong></span> 
     </span>
     <span class='ocr_line' id='line_1_7' title="bbox 251 754 1434 813; baseline -0.001 -17"><span class='ocrx_word' id='word_1_39' title='bbox 251 755 414 812; x_wconf 83' lang='lat' dir='ltr'><strong>quidem</strong></span> <span class='ocrx_word' id='word_1_40' title='bbox 441 757 699 799; x_wconf 85' lang='lat' dir='ltr'><strong>crediderunt</strong></span> <span class='ocrx_word' id='word_1_41' title='bbox 728 757 897 813; x_wconf 74' lang='lat' dir='ltr'><strong>(antiqui</strong></span> <span class='ocrx_word' id='word_1_42' title='bbox 922 760 1056 812; x_wconf 85' lang='lat' dir='ltr'><strong>vates),</strong></span> <span class='ocrx_word' id='word_1_43' title='bbox 1100 758 1248 807; x_wconf 78' lang='lat' dir='ltr'><strong>Jovem,</strong></span> <span class='ocrx_word' id='word_1_44' title='bbox 1282 754 1434 810; x_wconf 74' lang='lat' dir='ltr'><strong>qualem</strong></span> 
     </span>
     <span class='ocr_line' id='line_1_8' title="bbox 251 826 1436 880; baseline 0 -17"><span class='ocrx_word' id='word_1_45' title='bbox 251 827 295 864; x_wconf 92' lang='lat' dir='ltr'><strong>in</strong></span> <span class='ocrx_word' id='word_1_46' title='bbox 319 827 508 880; x_wconf 83' lang='lat' dir='ltr'><strong>Capitolio</strong></span> <span class='ocrx_word' id='word_1_47' title='bbox 534 837 572 865; x_wconf 88' lang='lat' dir='ltr'><strong>et</strong></span> <span class='ocrx_word' id='word_1_48' title='bbox 602 829 760 866; x_wconf 83' lang='lat' dir='ltr'><strong>caeteris</strong></span> <span class='ocrx_word' id='word_1_49' title='bbox 771 826 929 865; x_wconf 83' lang='lat' dir='ltr'><strong>aedibus</strong></span> <span class='ocrx_word' id='word_1_50' title='bbox 943 827 1129 876; x_wconf 89' lang='lat' dir='ltr'><strong>colimus,</strong></span> <span class='ocrx_word' id='word_1_51' title='bbox 1153 826 1304 865; x_wconf 87' lang='lat' dir='ltr'><strong>mittere</strong></span> <span class='ocrx_word' id='word_1_52' title='bbox 1316 838 1436 863; x_wconf 84' lang='lat' dir='ltr'><strong>manu</strong></span> 
     </span>
     <span class='ocr_line' id='line_1_9' title="bbox 251 893 1433 951; baseline -0.001 -18"><span class='ocrx_word' id='word_1_53' title='bbox 251 894 428 943; x_wconf 84' lang='lat' dir='ltr'><strong>fulmina,</strong></span> <span class='ocrx_word' id='word_1_54' title='bbox 457 893 525 934; x_wconf 88' lang='lat' dir='ltr'><strong>sed</strong></span> <span class='ocrx_word' id='word_1_55' title='bbox 558 895 740 945; x_wconf 79' lang='lat' dir='ltr'><strong>eundem,</strong></span> <span class='ocrx_word' id='word_1_56' title='bbox 770 910 887 951; x_wconf 84' lang='lat' dir='ltr'><strong>quem</strong></span> <span class='ocrx_word' id='word_1_57' title='bbox 914 909 1000 946; x_wconf 83' lang='lat' dir='ltr'><strong>nos,</strong></span> <span class='ocrx_word' id='word_1_58' title='bbox 1027 896 1162 935; x_wconf 76' lang='lat' dir='ltr'><strong>Jovem</strong></span> <span class='ocrx_word' id='word_1_59' title='bbox 1189 893 1433 945; x_wconf 73' lang='lat' dir='ltr'><strong>intelligunt,</strong></span> 
     </span>
     <span class='ocr_line' id='line_1_10' title="bbox 253 960 1433 1018; baseline 0 -18"><span class='ocrx_word' id='word_1_60' title='bbox 253 960 453 1000; x_wconf 83' lang='lat' dir='ltr'>custodem</span> <span class='ocrx_word' id='word_1_61' title='bbox 471 974 742 1018; x_wconf 85' lang='lat' dir='ltr'><strong>rectoremque</strong></span> <span class='ocrx_word' id='word_1_62' title='bbox 768 964 960 1012; x_wconf 84' lang='lat' dir='ltr'><strong>universi,</strong></span> <span class='ocrx_word' id='word_1_63' title='bbox 990 964 1159 1002; x_wconf 84' lang='lat' dir='ltr'><strong>animum</strong></span> <span class='ocrx_word' id='word_1_64' title='bbox 1176 977 1218 1001; x_wconf 78' lang='lat' dir='ltr'><strong>ac</strong></span> <span class='ocrx_word' id='word_1_65' title='bbox 1230 963 1433 1016; x_wconf 87' lang='lat' dir='ltr'><strong>spiritum,</strong></span> 
     </span>
     <span class='ocr_line' id='line_1_11' title="bbox 253 1028 1437 1085; baseline 0.001 -17"><span class='ocrx_word' id='word_1_66' title='bbox 253 1028 441 1070; x_wconf 84' lang='lat' dir='ltr'><strong>mundani</strong></span> <span class='ocrx_word' id='word_1_67' title='bbox 483 1031 602 1082; x_wconf 88' lang='lat' dir='ltr'><strong>hujus</strong></span> <span class='ocrx_word' id='word_1_68' title='bbox 641 1032 772 1085; x_wconf 86' lang='lat' dir='ltr'><strong>operis</strong></span> <span class='ocrx_word' id='word_1_69' title='bbox 814 1030 1021 1072; x_wconf 67' lang='lat' dir='ltr'><strong>dominum</strong></span> <span class='ocrx_word' id='word_1_70' title='bbox 1064 1042 1105 1071; x_wconf 91' lang='lat' dir='ltr'><strong>et</strong></span> <span class='ocrx_word' id='word_1_71' title='bbox 1129 1032 1344 1081; x_wconf 79' lang='lat' dir='ltr'><strong>artificem,</strong></span> <span class='ocrx_word' id='word_1_72' title='bbox 1375 1032 1437 1070; x_wconf 85' lang='lat' dir='ltr'><strong>cui</strong></span> 
     </span>
     <span class='ocr_line' id='line_1_12' title="bbox 252 1100 1436 1142; baseline 0.001 -5"><span class='ocrx_word' id='word_1_73' title='bbox 252 1113 399 1139; x_wconf 85' lang='lat' dir='ltr'><strong>nomen</strong></span> <span class='ocrx_word' id='word_1_74' title='bbox 443 1114 560 1138; x_wconf 89' lang='lat' dir='ltr'><strong>omne</strong></span> <span class='ocrx_word' id='word_1_75' title='bbox 605 1102 793 1140; x_wconf 89' lang='lat' dir='ltr'><strong>convenit.</strong></span> <span class='ocrx_word' id='word_1_76' title='bbox 849 1103 916 1142; x_wconf 82' lang='lat' dir='ltr'><strong>Vis</strong></span> <span class='ocrx_word' id='word_1_77' title='bbox 957 1100 1066 1140; x_wconf 86' lang='lat' dir='ltr'><strong>illum</strong></span> <span class='ocrx_word' id='word_1_78' title='bbox 1104 1101 1243 1141; x_wconf 82' lang='lat' dir='ltr'><strong>Fatum</strong></span> <span class='ocrx_word' id='word_1_79' title='bbox 1270 1100 1436 1139; x_wconf 74' lang='lat' dir='ltr'><strong>vocare?</strong></span> 
     </span>
     <span class='ocr_line' id='line_1_13' title="bbox 253 1168 1437 1222; baseline 0 -16"><span class='ocrx_word' id='word_1_80' title='bbox 253 1168 346 1207; x_wconf 90' lang='lat' dir='ltr'><strong>Non</strong></span> <span class='ocrx_word' id='word_1_81' title='bbox 374 1168 547 1207; x_wconf 85' lang='lat' dir='ltr'><strong>errabis:</strong></span> <span class='ocrx_word' id='word_1_82' title='bbox 577 1168 642 1207; x_wconf 92' lang='lat' dir='ltr'><strong>hic</strong></span> <span class='ocrx_word' id='word_1_83' title='bbox 671 1180 751 1218; x_wconf 87' lang='lat' dir='ltr'><strong>est,</strong></span> <span class='ocrx_word' id='word_1_84' title='bbox 780 1183 827 1207; x_wconf 85' lang='lat' dir='ltr'><strong>ex</strong></span> <span class='ocrx_word' id='word_1_85' title='bbox 855 1183 935 1222; x_wconf 87' lang='lat' dir='ltr'><strong>quo</strong></span> <span class='ocrx_word' id='word_1_86' title='bbox 963 1182 1147 1221; x_wconf 81' lang='lat' dir='ltr'><strong>suspensa</strong></span> <span class='ocrx_word' id='word_1_87' title='bbox 1169 1171 1261 1207; x_wconf 88' lang='lat' dir='ltr'><strong>sunt</strong></span> <span class='ocrx_word' id='word_1_88' title='bbox 1284 1168 1437 1216; x_wconf 79' lang='lat' dir='ltr'><strong>omnia,</strong></span> 
     </span>
     <span class='ocr_line' id='line_1_14' title="bbox 252 1231 1437 1279; baseline 0.001 -5"><span class='ocrx_word' id='word_1_89' title='bbox 252 1245 364 1279; x_wconf 70' lang='lat' dir='ltr'><strong>causa</strong></span> <span class='ocrx_word' id='word_1_90' title='bbox 413 1250 621 1276; x_wconf 76' lang='lat' dir='ltr'><strong>causarum.</strong></span> <span class='ocrx_word' id='word_1_91' title='bbox 690 1237 756 1277; x_wconf 90' lang='lat' dir='ltr'><strong>Vis</strong></span> <span class='ocrx_word' id='word_1_92' title='bbox 791 1236 902 1276; x_wconf 84' lang='lat' dir='ltr'><strong>illum</strong></span> <span class='ocrx_word' id='word_1_93' title='bbox 939 1236 1230 1278; x_wconf 88' lang='lat' dir='ltr'><strong>Providentiam</strong></span> <span class='ocrx_word' id='word_1_94' title='bbox 1269 1231 1401 1275; x_wconf 78' lang='lat' dir='ltr'><strong>dicere</strong></span> <span class='ocrx_word' id='word_1_95' title='bbox 1416 1236 1437 1275; x_wconf 70' lang='grc' dir='ltr'><strong>’ἰ</strong></span> 
     </span>
     <span class='ocr_line' id='line_1_15' title="bbox 253 1303 1440 1364; baseline 0.001 -20"><span class='ocrx_word' id='word_1_96' title='bbox 253 1305 372 1344; x_wconf 85' lang='lat' dir='ltr'><strong>Recte</strong></span> <span class='ocrx_word' id='word_1_97' title='bbox 396 1304 541 1344; x_wconf 84' lang='lat' dir='ltr'><strong>dices:</strong></span> <span class='ocrx_word' id='word_1_98' title='bbox 585 1316 646 1345; x_wconf 82' lang='lat' dir='ltr'><strong>est</strong></span> <span class='ocrx_word' id='word_1_99' title='bbox 689 1306 793 1344; x_wconf 82' lang='lat' dir='ltr'><strong>enim</strong></span> <span class='ocrx_word' id='word_1_100' title='bbox 834 1307 942 1358; x_wconf 85' lang='lat' dir='ltr'><strong>cujus</strong></span> <span class='ocrx_word' id='word_1_101' title='bbox 979 1305 1138 1346; x_wconf 86' lang='lat' dir='ltr'><strong>consilio</strong></span> <span class='ocrx_word' id='word_1_102' title='bbox 1167 1306 1266 1345; x_wconf 74' lang='lat' dir='ltr'><strong>huicv</strong></span> <span class='ocrx_word' id='word_1_103' title='bbox 1287 1303 1440 1364; x_wconf 53' lang='lat' dir='ltr'><strong>{pundo</strong></span> 
     </span>
     <span class='ocr_line' id='line_1_16' title="bbox 185 1363 1441 1429; baseline 0 -15"><span class='ocrx_word' id='word_1_104' title='bbox 185 1417 191 1425; x_wconf 28' lang='grc' dir='ltr'><em>Ι</em></span> <span class='ocrx_word' id='word_1_105' title='bbox 253 1373 486 1428; x_wconf 81' lang='lat' dir='ltr'><strong>providetur</strong></span> <span class='ocrx_word' id='word_1_106' title='bbox 501 1406 512 1425; x_wconf 90' lang='lat'><strong>,</strong></span> <span class='ocrx_word' id='word_1_107' title='bbox 541 1386 583 1413; x_wconf 90' lang='lat' dir='ltr'><strong>ut</strong></span> <span class='ocrx_word' id='word_1_108' title='bbox 595 1375 818 1415; x_wconf 86' lang='lat' dir='ltr'><strong>inconfusus</strong></span> <span class='ocrx_word' id='word_1_109' title='bbox 834 1386 895 1416; x_wconf 81' lang='lat' dir='ltr'><strong>eat</strong></span> <span class='ocrx_word' id='word_1_110' title='bbox 908 1407 918 1426; x_wconf 92' lang='lat'><strong>,</strong></span> <span class='ocrx_word' id='word_1_111' title='bbox 948 1386 988 1415; x_wconf 90' lang='lat' dir='ltr'><strong>et</strong></span> <span class='ocrx_word' id='word_1_112' title='bbox 1005 1387 1137 1416; x_wconf 87' lang='lat' dir='ltr'><strong>auctus</strong></span> <span class='ocrx_word' id='word_1_113' title='bbox 1155 1390 1244 1416; x_wconf 87' lang='lat' dir='ltr'><strong>suos</strong></span> <span class='ocrx_word' id='word_1_114' title='bbox 1262 1363 1441 1429; x_wconf 58' lang='lat' dir='ltr'><strong>erplicet.</strong></span> 
     </span>
     <span class='ocr_line' id='line_1_17' title="bbox 254 1443 1442 1498; baseline -0.002 -16"><span class='ocrx_word' id='word_1_115' title='bbox 254 1443 322 1482; x_wconf 83' lang='lat' dir='ltr'><strong>Vis</strong></span> <span class='ocrx_word' id='word_1_116' title='bbox 349 1443 460 1482; x_wconf 89' lang='lat' dir='ltr'><strong>illum</strong></span> <span class='ocrx_word' id='word_1_117' title='bbox 485 1444 673 1482; x_wconf 82' lang='lat' dir='ltr'><strong>Naturam</strong></span> <span class='ocrx_word' id='word_1_118' title='bbox 699 1446 871 1483; x_wconf 80' lang='lat' dir='ltr'><strong>vocare?</strong></span> <span class='ocrx_word' id='word_1_119' title='bbox 905 1445 998 1483; x_wconf 88' lang='lat' dir='ltr'><strong>Non</strong></span> <span class='ocrx_word' id='word_1_120' title='bbox 1025 1444 1231 1498; x_wconf 80' lang='lat' dir='ltr'><strong>peccabis:</strong></span> <span class='ocrx_word' id='word_1_121' title='bbox 1259 1454 1316 1483; x_wconf 85' lang='lat' dir='ltr'><strong>est</strong></span> <span class='ocrx_word' id='word_1_122' title='bbox 1339 1443 1442 1481; x_wconf 85' lang='lat' dir='ltr'><strong>enim</strong></span> 
     </span>
     <span class='ocr_line' id='line_1_18' title="bbox 255 1512 1445 1566; baseline 0.001 -17"><span class='ocrx_word' id='word_1_123' title='bbox 255 1525 301 1550; x_wconf 88' lang='lat' dir='ltr'><strong>ex</strong></span> <span class='ocrx_word' id='word_1_124' title='bbox 330 1526 410 1565; x_wconf 86' lang='lat' dir='ltr'><strong>quo</strong></span> <span class='ocrx_word' id='word_1_125' title='bbox 437 1521 531 1550; x_wconf 83' lang='lat' dir='ltr'><strong>nata</strong></span> <span class='ocrx_word' id='word_1_126' title='bbox 557 1522 649 1551; x_wconf 87' lang='lat' dir='ltr'><strong>sunt</strong></span> <span class='ocrx_word' id='word_1_127' title='bbox 676 1514 825 1563; x_wconf 84' lang='lat' dir='ltr'><strong>omnia,</strong></span> <span class='ocrx_word' id='word_1_128' title='bbox 856 1514 962 1563; x_wconf 85' lang='lat' dir='ltr'><strong>cujus</strong></span> <span class='ocrx_word' id='word_1_129' title='bbox 990 1513 1134 1566; x_wconf 86' lang='lat' dir='ltr'><strong>spiritu</strong></span> <span class='ocrx_word' id='word_1_130' title='bbox 1164 1513 1334 1552; x_wconf 81' lang='lat' dir='ltr'><strong>vivimus·</strong></span> <span class='ocrx_word' id='word_1_131' title='bbox 1376 1512 1445 1552; x_wconf 84' lang='lat' dir='ltr'><strong>Vis</strong></span> 
     </span>
     <span class='ocr_line' id='line_1_19' title="bbox 254 1579 1446 1633; baseline -0.001 -14"><span class='ocrx_word' id='word_1_132' title='bbox 254 1579 363 1619; x_wconf 90' lang='lat' dir='ltr'><strong>illum</strong></span> <span class='ocrx_word' id='word_1_133' title='bbox 387 1594 523 1620; x_wconf 87' lang='lat' dir='ltr'><strong>vocare</strong></span> <span class='ocrx_word' id='word_1_134' title='bbox 556 1579 781 1620; x_wconf 79' lang='lat' dir='ltr'><strong>Mundum?</strong></span> <span class='ocrx_word' id='word_1_135' title='bbox 836 1582 926 1621; x_wconf 90' lang='lat' dir='ltr'><strong>Non</strong></span> <span class='ocrx_word' id='word_1_136' title='bbox 952 1580 1118 1621; x_wconf 80' lang='lat' dir='ltr'><strong>falleris:</strong></span> <span class='ocrx_word' id='word_1_137' title='bbox 1149 1582 1231 1633; x_wconf 87' lang='lat' dir='ltr'><strong>ipse</strong></span> <span class='ocrx_word' id='word_1_138' title='bbox 1262 1581 1370 1619; x_wconf 83' lang='lat' dir='ltr'><strong>enim</strong></span> <span class='ocrx_word' id='word_1_139' title='bbox 1386 1590 1446 1619; x_wconf 84' lang='lat' dir='ltr'><strong>est</strong></span> 
     </span>
     <span class='ocr_line' id='line_1_20' title="bbox 255 1646 1444 1703; baseline -0.001 -16"><span class='ocrx_word' id='word_1_140' title='bbox 255 1658 402 1698; x_wconf 83' lang='lat' dir='ltr'><strong>totum,</strong></span> <span class='ocrx_word' id='word_1_141' title='bbox 429 1646 538 1702; x_wconf 82' lang='lat' dir='ltr'><strong>quod</strong></span> <span class='ocrx_word' id='word_1_142' title='bbox 570 1647 699 1697; x_wconf 89' lang='lat' dir='ltr'><strong>vides,</strong></span> <span class='ocrx_word' id='word_1_143' title='bbox 730 1659 831 1689; x_wconf 87' lang='lat' dir='ltr'><strong>totns</strong></span> <span class='ocrx_word' id='word_1_144' title='bbox 858 1650 933 1688; x_wconf 85' lang='lat' dir='ltr'><strong>suis</strong></span> <span class='ocrx_word' id='word_1_145' title='bbox 960 1649 1137 1703; x_wconf 84' lang='lat' dir='ltr'><strong>partibus</strong></span> <span class='ocrx_word' id='word_1_146' title='bbox 1165 1646 1326 1693; x_wconf 81' lang='lat' dir='ltr'><strong>inditus,</strong></span> <span class='ocrx_word' id='word_1_147' title='bbox 1355 1656 1393 1686; x_wconf 91' lang='lat' dir='ltr'><strong>et</strong></span> <span class='ocrx_word' id='word_1_148' title='bbox 1404 1660 1444 1686; x_wconf 87' lang='lat' dir='ltr'><strong>se</strong></span> 
     </span>
     <span class='ocr_line' id='line_1_21' title="bbox 255 1714 1443 1771; baseline 0.001 -17"><span class='ocrx_word' id='word_1_149' title='bbox 255 1718 447 1757; x_wconf 86' lang='lat' dir='ltr'><strong>sustinens</strong></span> <span class='ocrx_word' id='word_1_150' title='bbox 486 1718 525 1757; x_wconf 87' lang='lat' dir='ltr'><strong>vi</strong></span> <span class='ocrx_word' id='word_1_151' title='bbox 559 1717 655 1757; x_wconf 63' lang='lat' dir='ltr'><strong>su3’&#39;</strong></span> <span class='ocrx_word' id='word_1_152' title='bbox 686 1717 758 1770; x_wconf 84' lang='lat'><em>(1).</em></span> <span class='ocrx_word' id='word_1_153' title='bbox 787 1740 835 1747; x_wconf 87' lang='lat'><strong>—-</strong></span> <span class='ocrx_word' id='word_1_154' title='bbox 864 1736 881 1759; x_wconf 67' lang='grc' dir='ltr'><strong>«ι</strong></span> <span class='ocrx_word' id='word_1_155' title='bbox 905 1718 1035 1771; x_wconf 87' lang='lat' dir='ltr'><strong>Quem</strong></span> <span class='ocrx_word' id='word_1_156' title='bbox 1062 1718 1104 1756; x_wconf 89' lang='lat' dir='ltr'><strong>in</strong></span> <span class='ocrx_word' id='word_1_157' title='bbox 1132 1717 1209 1756; x_wconf 89' lang='lat' dir='ltr'><strong>hoc</strong></span> <span class='ocrx_word' id='word_1_158' title='bbox 1233 1714 1384 1756; x_wconf 87' lang='lat' dir='ltr'><strong>mundo</strong></span> <span class='ocrx_word' id='word_1_159' title='bbox 1400 1714 1443 1766; x_wconf 74' lang='lat'><strong>‚⁹⁹</strong></span> 
     </span>
     <span class='ocr_line' id='line_1_22' title="bbox 257 1785 1445 1840; baseline -0.001 -17"><span class='ocrx_word' id='word_1_160' title='bbox 257 1786 306 1824; x_wconf 78' lang='lat' dir='ltr'><strong>ita</strong></span> <span class='ocrx_word' id='word_1_161' title='bbox 344 1785 437 1824; x_wconf 84' lang='lat' dir='ltr'><strong>alibi</strong></span> <span class='ocrx_word' id='word_1_162' title='bbox 463 1785 665 1840; x_wconf 83' lang='lat' dir='ltr'><strong>loquitur,</strong></span> <span class='ocrx_word' id='word_1_163' title='bbox 707 1786 882 1828; x_wconf 89' lang='lat' dir='ltr'><strong>«locum</strong></span> <span class='ocrx_word' id='word_1_164' title='bbox 908 1787 1011 1826; x_wconf 83' lang='lat' dir='ltr'><strong>Deus</strong></span> <span class='ocrx_word' id='word_1_165' title='bbox 1039 1787 1196 1826; x_wconf 90' lang='lat' dir='ltr'><strong>obtinet</strong></span> <span class='ocrx_word' id='word_1_166' title='bbox 1212 1815 1224 1834; x_wconf 93' lang='lat'><strong><em>‚</em></strong></span> <span class='ocrx_word' id='word_1_167' title='bbox 1269 1785 1373 1824; x_wconf 86' lang='lat' dir='ltr'><strong>hunc</strong></span> <span class='ocrx_word' id='word_1_168' title='bbox 1400 1785 1445 1823; x_wconf 85' lang='lat' dir='ltr'><strong>in</strong></span> 
     </span>
     <span class='ocr_line' id='line_1_23' title="bbox 258 1852 1444 1909; baseline 0.001 -18"><span class='ocrx_word' id='word_1_169' title='bbox 258 1853 416 1892; x_wconf 89' lang='lat' dir='ltr'><strong>homine</strong></span> <span class='ocrx_word' id='word_1_170' title='bbox 454 1856 632 1899; x_wconf 65' lang='lat' dir='ltr'><strong>animus:</strong></span> <span class='ocrx_word' id='word_1_171' title='bbox 680 1854 789 1909; x_wconf 87' lang='lat' dir='ltr'><strong>quod</strong></span> <span class='ocrx_word' id='word_1_172' title='bbox 830 1865 886 1894; x_wconf 89' lang='lat' dir='ltr'><strong>est</strong></span> <span class='ocrx_word' id='word_1_173' title='bbox 925 1854 1006 1893; x_wconf 87' lang='lat' dir='ltr'><strong>illic</strong></span> <span class='ocrx_word' id='word_1_174' title='bbox 1045 1854 1217 1902; x_wconf 84' lang='lat' dir='ltr'><strong>materia,</strong></span> <span class='ocrx_word' id='word_1_175' title='bbox 1255 1852 1297 1892; x_wconf 92' lang='lat' dir='ltr'><strong>id</strong></span> <span class='ocrx_word' id='word_1_176' title='bbox 1325 1854 1444 1893; x_wconf 87' lang='lat' dir='ltr'><strong>nobis</strong></span> 
     </span>
     <span class='ocr_line' id='line_1_24' title="bbox 260 1921 1446 1977; baseline -0.001 -16"><span class='ocrx_word' id='word_1_177' title='bbox 260 1936 401 1976; x_wconf 85' lang='lat' dir='ltr'><strong>corpus</strong></span> <span class='ocrx_word' id='word_1_178' title='bbox 427 1923 512 1962; x_wconf 90' lang='lat' dir='ltr'><strong>est”</strong></span> <span class='ocrx_word' id='word_1_179' title='bbox 543 1923 613 1977; x_wconf 87' lang='lat'><strong>(2).</strong></span> <span class='ocrx_word' id='word_1_180' title='bbox 643 1923 695 1962; x_wconf 92' lang='lat' dir='ltr'><strong>Et</strong></span> <span class='ocrx_word' id='word_1_181' title='bbox 723 1923 834 1977; x_wconf 83' lang='lat' dir='ltr'><strong>paulo</strong></span> <span class='ocrx_word' id='word_1_182' title='bbox 861 1934 976 1963; x_wconf 76' lang='lat' dir='ltr'><strong>ante:</strong></span> <span class='ocrx_word' id='word_1_183' title='bbox 1034 1942 1053 1964; x_wconf 85' lang='lat'>«</span> <span class='ocrx_word' id='word_1_184' title='bbox 1076 1923 1187 1962; x_wconf 83' lang='lat' dir='ltr'><strong>Ratio</strong></span> <span class='ocrx_word' id='word_1_185' title='bbox 1216 1923 1374 1962; x_wconf 84' lang='lat' dir='ltr'><strong>faciens.</strong></span> <span class='ocrx_word' id='word_1_186' title='bbox 1404 1921 1446 1960; x_wconf 81' lang='lat' dir='ltr'><strong>id</strong></span> 
     </span>
     <span class='ocr_line' id='line_1_25' title="bbox 260 1990 1442 2047; baseline -0.002 -17"><span class='ocrx_word' id='word_1_187' title='bbox 260 2001 320 2030; x_wconf 81' lang='lat' dir='ltr'><strong>est</strong></span> <span class='ocrx_word' id='word_1_188' title='bbox 346 1991 494 2030; x_wconf 82' lang='lat' dir='ltr'><strong>Deus.”</strong></span> <span class='ocrx_word' id='word_1_189' title='bbox 546 1991 653 2031; x_wconf 87' lang='lat' dir='ltr'><strong>Alibi</strong></span> <span class='ocrx_word' id='word_1_190' title='bbox 693 2002 819 2032; x_wconf 82' lang='lat' dir='ltr'><strong>autem</strong></span> <span class='ocrx_word' id='word_1_191' title='bbox 858 1993 989 2032; x_wconf 86' lang='lat' dir='ltr'><strong>omnia</strong></span> <span class='ocrx_word' id='word_1_192' title='bbox 1031 1992 1140 2047; x_wconf 85' lang='lat' dir='ltr'><strong>quasi</strong></span> <span class='ocrx_word' id='word_1_193' title='bbox 1181 1990 1442 2045; x_wconf 80' lang='lat' dir='ltr'><strong>complectens</strong></span> 
     </span>
     <span class='ocr_line' id='line_1_26' title="bbox 257 2057 1444 2114; baseline -0.003 -15"><span class='ocrx_word' id='word_1_194' title='bbox 257 2060 312 2099; x_wconf 82' lang='lat' dir='ltr'><strong>i&#39;ta</strong></span> <span class='ocrx_word' id='word_1_195' title='bbox 340 2057 518 2107; x_wconf 88' lang='lat' dir='ltr'><strong>disserit,</strong></span> <span class='ocrx_word' id='word_1_196' title='bbox 558 2071 600 2098; x_wconf 92' lang='lat' dir='ltr'><strong>ut</strong></span> <span class='ocrx_word' id='word_1_197' title='bbox 623 2059 765 2100; x_wconf 84' lang='lat' dir='ltr'><strong>diserte</strong></span> <span class='ocrx_word' id='word_1_198' title='bbox 794 2075 959 2114; x_wconf 83' lang='lat' dir='ltr'><strong>corpore</strong></span> <span class='ocrx_word' id='word_1_199' title='bbox 987 2076 1123 2100; x_wconf 85' lang='lat' dir='ltr'><strong>vacare</strong></span> <span class='ocrx_word' id='word_1_200' title='bbox 1158 2060 1285 2099; x_wconf 87' lang='lat' dir='ltr'><strong>Deum</strong></span> <span class='ocrx_word' id='word_1_201' title='bbox 1312 2073 1444 2098; x_wconf 87' lang='lat' dir='ltr'><strong>enun-</strong></span> 
     </span>
     <span class='ocr_line' id='line_1_27' title="bbox 201 2122 1446 2184; baseline -0.003 -15"><span class='ocrx_word' id='word_1_202' title='bbox 201 2130 210 2136; x_wconf 62' lang='grc'><em>”</em></span> <span class='ocrx_word' id='word_1_203' title='bbox 257 2130 338 2169; x_wconf 78' lang='lat' dir='ltr'><strong>tiet.</strong></span> <span class='ocrx_word' id='word_1_204' title='bbox 397 2148 416 2169; x_wconf 83' lang='lat'>«</span> <span class='ocrx_word' id='word_1_205' title='bbox 440 2127 550 2182; x_wconf 84' lang='lat' dir='ltr'><strong>Quid</strong></span> <span class='ocrx_word' id='word_1_206' title='bbox 592 2139 648 2167; x_wconf 86' lang='lat' dir='ltr'><strong>est</strong></span> <span class='ocrx_word' id='word_1_207' title='bbox 685 2129 863 2178; x_wconf 77' lang='lat' dir='ltr'><strong>Deus?&#39;&#39;,</strong></span> <span class='ocrx_word' id='word_1_208' title='bbox 908 2131 1062 2184; x_wconf 81' lang='lat' dir='ltr'><strong>inquit3</strong></span> <span class='ocrx_word' id='word_1_209' title='bbox 1107 2122 1222 2168; x_wconf 82' lang='lat' dir='ltr'><strong>Mens</strong></span> <span class='ocrx_word' id='word_1_210' title='bbox 1266 2128 1446 2166; x_wconf 89' lang='lat' dir='ltr'><strong>universi.</strong></span> 
     </span>
     <span class='ocr_line' id='line_1_28' title="bbox 261 2194 1447 2251; baseline -0.001 -15"><span class='ocrx_word' id='word_1_211' title='bbox 261 2197 367 2250; x_wconf 88' lang='lat' dir='ltr'><strong>Quid</strong></span> <span class='ocrx_word' id='word_1_212' title='bbox 404 2208 461 2237; x_wconf 88' lang='lat' dir='ltr'><strong>est</strong></span> <span class='ocrx_word' id='word_1_213' title='bbox 492 2199 628 2237; x_wconf 79' lang='lat' dir='ltr'><strong>Deus?</strong></span> <span class='ocrx_word' id='word_1_214' title='bbox 684 2196 803 2250; x_wconf 84' lang='lat' dir='ltr'><strong>Quod</strong></span> <span class='ocrx_word' id='word_1_215' title='bbox 832 2197 938 2238; x_wconf 83' lang='lat' dir='ltr'><strong>vides</strong></span> <span class='ocrx_word' id='word_1_216' title='bbox 968 2210 1115 2245; x_wconf 86' lang='lat' dir='ltr'><strong>totum,</strong></span> <span class='ocrx_word' id='word_1_217' title='bbox 1154 2208 1193 2236; x_wconf 84' lang='lat' dir='ltr'><strong>et</strong></span> <span class='ocrx_word' id='word_1_218' title='bbox 1222 2194 1330 2251; x_wconf 90' lang='lat' dir='ltr'><strong>quod</strong></span> <span class='ocrx_word' id='word_1_219' title='bbox 1368 2210 1447 2235; x_wconf 87' lang='lat' dir='ltr'><strong>non</strong></span> 
     </span>
     <span class='ocr_line' id='line_1_29' title="bbox 264 2264 1449 2319; baseline 0 -15"><span class='ocrx_word' id='word_1_220' title='bbox 264 2265 366 2304; x_wconf 75' lang='lat' dir='ltr'><strong>vides</strong></span> <span class='ocrx_word' id='word_1_221' title='bbox 401 2277 537 2305; x_wconf 89' lang='lat' dir='ltr'><strong>totum.</strong></span> <span class='ocrx_word' id='word_1_222' title='bbox 582 2264 707 2319; x_wconf 16' lang='lat' dir='ltr'><strong>*Quid</strong></span> <span class='ocrx_word' id='word_1_223' title='bbox 736 2280 828 2317; x_wconf 84' lang='lat' dir='ltr'><strong>ergo</strong></span> <span class='ocrx_word' id='word_1_224' title='bbox 854 2267 1015 2306; x_wconf 88' lang='lat' dir='ltr'><strong>interest</strong></span> <span class='ocrx_word' id='word_1_225' title='bbox 1041 2268 1145 2305; x_wconf 84' lang='lat' dir='ltr'><strong>inter</strong></span> <span class='ocrx_word' id='word_1_226' title='bbox 1171 2275 1347 2303; x_wconf 86' lang='lat' dir='ltr'><strong>naturam</strong></span> <span class='ocrx_word' id='word_1_227' title='bbox 1374 2266 1449 2305; x_wconf 88' lang='lat' dir='ltr'><strong>Dei</strong></span> 
     </span>
     <span class='ocr_line' id='line_1_30' title="bbox 262 2333 1451 2389; baseline -0.001 -15"><span class='ocrx_word' id='word_1_228' title='bbox 262 2346 301 2374; x_wconf 89' lang='lat' dir='ltr'><strong>et</strong></span> <span class='ocrx_word' id='word_1_229' title='bbox 330 2339 532 2376; x_wconf 78' lang='lat' dir='ltr'><strong>nostram?</strong></span> <span class='ocrx_word' id='word_1_230' title='bbox 587 2336 721 2377; x_wconf 82' lang='lat' dir='ltr'><strong>Nostri</strong></span> <span class='ocrx_word' id='word_1_231' title='bbox 748 2335 884 2375; x_wconf 88' lang='lat' dir='ltr'><strong>melior</strong></span> <span class='ocrx_word' id='word_1_232' title='bbox 912 2350 1002 2389; x_wconf 85' lang='lat' dir='ltr'><strong>pars</strong></span> <span class='ocrx_word' id='word_1_233' title='bbox 1026 2336 1173 2374; x_wconf 85' lang='lat' dir='ltr'><strong>animus</strong></span> <span class='ocrx_word' id='word_1_234' title='bbox 1206 2346 1283 2386; x_wconf 83' lang='lat' dir='ltr'><strong>est3</strong></span> <span class='ocrx_word' id='word_1_235' title='bbox 1313 2335 1355 2373; x_wconf 93' lang='lat' dir='ltr'><strong>in</strong></span> <span class='ocrx_word' id='word_1_236' title='bbox 1382 2333 1451 2373; x_wconf 91' lang='lat' dir='ltr'><strong>illo</strong></span> 
     </span>
    </p>
   </div>
   <div class='ocr_carea' id='block_1_3' title="bbox 258 2438 447 2443">
    <p class='ocr_par' dir='ltr' id='par_1_3' title="bbox 258 2438 447 2443">
     <span class='ocr_line' id='line_1_31' title="bbox 258 2438 447 2443; baseline 0 0"><span class='ocrx_word' id='word_1_237' title='bbox 258 2438 447 2443; x_wconf 95' lang='lat' dir='ltr'><strong> </strong></span> 
     </span>
    </p>
   </div>
   <div class='ocr_carea' id='block_1_4' title="bbox 305 2489 724 2587">
    <p class='ocr_par' dir='ltr' id='par_1_4' title="bbox 305 2489 724 2587">
     <span class='ocr_line' id='line_1_32' title="bbox 305 2489 724 2531; baseline -0.007 -10"><span class='ocrx_word' id='word_1_238' title='bbox 305 2489 357 2531; x_wconf 87' lang='lat'><strong>(1)</strong></span> <span class='ocrx_word' id='word_1_239' title='bbox 379 2490 442 2521; x_wconf 82' lang='lat' dir='ltr'><strong>Nat</strong></span> <span class='ocrx_word' id='word_1_240' title='bbox 470 2495 584 2530; x_wconf 80' lang='lat' dir='ltr'><strong>quaest.</strong></span> <span class='ocrx_word' id='word_1_241' title='bbox 608 2489 647 2520; x_wconf 91' lang='grc' dir='ltr'><strong>ΙΙ.</strong></span> <span class='ocrx_word' id='word_1_242' title='bbox 672 2491 724 2522; x_wconf 78' lang='grc'><strong>45.</strong></span> 
     </span>
     <span class='ocr_line' id='line_1_33' title="bbox 309 2545 552 2587; baseline -0.012 -9"><span class='ocrx_word' id='word_1_243' title='bbox 309 2547 360 2587; x_wconf 82' lang='lat'><strong>(2)</strong></span> <span class='ocrx_word' id='word_1_244' title='bbox 384 2546 478 2586; x_wconf 83' lang='lat' dir='ltr'><strong>Epist.</strong></span> <span class='ocrx_word' id='word_1_245' title='bbox 501 2545 552 2577; x_wconf 84' lang='lat'><strong>65.</strong></span> 
     </span>
    </p>
   </div>
  </div>
 </body>
</html>
