1700 3064
781 277 803 280 .„
832 257 964 292 ¹30—-

271 371 439 421 cundia,
465 381 508 411 ut
532 370 673 409 invitus
697 367 823 419 legere
840 370 1087 423 perrexerim.
1131 373 1184 415 Et
1200 388 1287 415 ecce
1302 386 1455 417 novum.

270 440 422 483 offendi
450 439 600 489 locum,
644 439 712 494 qui
738 439 892 479 maximi
919 449 977 479 est
1001 439 1044 477 in
1070 452 1198 493 nostra
1225 446 1443 499 quaestione

272 508 469 549 momenti.
844 534 847 536 ·
1147 529 1149 531 -
1174 541 1177 544 Α
1248 529 1251 544 ,-

326 580 424 618 Cum
464 578 571 617 enim
608 579 814 619 VULCANO
853 588 894 617 et
919 577 1163 618 MINERVAE
1191 578 1294 620 furto
1321 582 1445 622 ablata

270 665 292 688 a
317 649 597 687 Panna-1120
624 646 856 689 memoravit.
873 647 1001 697 ignem
1028 657 1068 687 et
1084 647 1336 702 sapientiam,
1364 651 1442 692 ho-

270 717 440 757 minibus
457 715 598 756 deinde
618 730 860 765 concessam,
888 716 984 758 haec
1001 716 1112 773 addit
1122 718 1418 758 PROTAGORAS
1430 737 1442 760 ε

271 787 432 830 «innah
455 786 491 825 δὲ
522 786 541 823 ὅ
565 784 736 832 ἄνθρωπος
761 786 854 828 θείας
879 785 1041 835 μετέσχε
1063 787 1205 835 μοίρας,
1231 790 1360 835 πρῶτον
1379 788 1447 834 μὲν

272 856 331 895 διὰ
351 855 414 898 τὴν
435 855 495 892 τοῦ
518 854 593 892 θεοῦ
619 852 831 899 συγγένειαν
854 853 944 904 ζώων
967 855 1068 902 μόνον
1094 856 1185 899 θεοὺς
1201 854 1358 902 ἐνόμισε,
1382 849 1446 894 καὶ

271 924 443 971 ἐπεχείρει
477 922 622 969 βωμούς
659 938 700 961 τε
737 922 908 971 ἱδρύεσθαι
943 924 1003 962 καὶ
1030 923 1241 972 ἀγάλματα
1266 925 1343 963 θεῶν
1374 922 1443 976 (ι).

270 992 470 1045 Quoniam
497 990 647 1031 divinae
673 993 787 1031 sortis
815 992 933 1032 homo
958 1004 1017 1032 est
1039 994 1251 1047 particeps,
1280 994 1446 1047 primum

270 1060 431 1115 quidem
475 1071 638 1114 propter
678 1060 779 1099 hanc
808 1074 896 1100 cum
922 1061 1006 1100 Deo
1033 1061 1298 1112 cognationem
1311 1091 1324 1111 ,
1363 1062 1446 1115 ipse

270 1145 319 1169 ex
346 1130 525 1170 omnibus
553 1130 816 1168 animantibus
845 1144 967 1178 unus,
1006 1130 1111 1176 Deos,
1127 1135 1235 1179 esse,
1277 1130 1446 1179 censuit,

270 1200 392 1251 iisque
419 1212 501 1235 aras
529 1211 573 1235 ac
600 1207 739 1235 statuas
766 1198 914 1247 erigere
941 1196 1111 1250 coepit.’'

321 1266 381 1305 Ex
408 1265 646 1316 cognationis
676 1262 776 1304 adeo
792 1277 904 1304 sensu
920 1264 1097 1304 omnium
1117 1277 1359 1305 communem
1376 1277 1449 1305 ex-

269 1319 462 1389 plicat-de
490 1336 589 1382 Diis,
623 1333 732 1386 quod
759 1336 860 1381 sint,
895 1335 1130 1386 opinionem.
1185 1335 1298 1388 Qnae
1323 1335 1449 1374 veris-

270 1404 365 1442 sima
403 1401 513 1440 simul
553 1416 596 1439 ac
636 1415 722 1440 vere
761 1400 932 1448 sublimis
958 1403 1174 1458 sententia,
1207 1402 1452 1457 'quamquam
1487 1423 1493 1429 x

274 1469 457 1512 fabulosis
486 1468 614 1509 multis
637 1480 680 1508 ut
696 1468 786 1508 fuco
802 1469 866 1508 hic
880 1481 1041 1518 ornata,
1073 1468 1169 1509 adeo
1189 1480 1319 1508 tamen
1337 1470 1450 1507 PLA-

276 1550 408 1577 TONIs
435 1537 601 1575 inhaesit
626 1538 769 1584 menti,
799 1546 843 1574 ut
867 1535 917 1573 ad
942 1538 1137 1586 juvenem,
1165 1536 1348 1590 quiDeos
1372 1550 1452 1574 esse

273 1605 486 1659 credebat,
514 1621 577 1646 eos
605 1621 694 1647 vero
711 1621 771 1645 res
792 1605 978 1646 humanas
993 1621 1126 1645 curare
1145 1606 1306 1657 negabat
1319 1636 1331 1656 ,
1361 1606 1453 1645 haec

269 1674 479 1730 aliquando
505 1674 665 1714 dixerit:
690 1692 710 1717 «
732 1673 758 1713 ὦ
783 1673 904 1723 ἄριστε
917 1700 930 1721 ,
960 1672 1011 1712 ὅτι
1036 1674 1104 1721 μὲν
1126 1674 1214 1719 ἦγεῖ
1230 1674 1338 1721 θεοὺς,
1365 1687 1453 1719 συγ-

273 1742 395 1792 γένειά
416 1758 470 1789 τις
493 1743 572 1789 ἴσως
595 1759 636 1784 σε
658 1742 734 1784 θειοέ
758 1743 910 1793 πρὸςκτὸ
933 1743 1121 1793 ξύμφυτον
1142 1742 1227 1789 ἄγει
1256 1746 1365 1792 τιμᾷν
1389 1737 1453 1782 καὶ

272 1814 423 1861 νομίζειν
449 1811 549 1852 εἶναι.
605 1811 730 1866 Quod
771 1811 931 1867 quidem
970 1807 1068 1852 Deos
1105 1824 1183 1851 esse
1211 1809 1360 1861 credis,
1399 1811 1455 1849 mi

276 1881 409 1921 bone!
437 1881 551 1932 hujus
579 1883 776 1922 reicausa
803 1883 854 1920 in>
873 1896 917 1921 eo
945 1880 1098 1921 fortasse
1124 1892 1205 1929 est,
1234 1880 1342 1934 quod
1360 1894 1453 1931 cog-

275 1950 444 1989 nationis
474 1950 631 2003 quidam
656 1965 749 1990 cum
776 1952 858 1990 Deo
878 1964 1010 1991 sensns
1030 1961 1066 1989 te
1085 1949 1260 2004 impellit,
1284 1960 1328 2004 ιιι
1343 1947 1457 1996 illud,
1505 1956 1511 1962 ¹

276 2017 385 2075 quod
412 2029 616 2069 cognatum
641 2030 712 2068 est,
743 2019 935 2070 celebres,
964 2031 1003 2059 et
1029 2035 1109 2059 esse
1139 2031 1252 2074 putes
1282 2018 1383 2071 (2).”

330 2086 457 2139 Hujus
496 2087 707 2132 συγγενείας
746 2090 845 2128 ratio
879 2104 1039 2145 quoque
1066 2089 1232 2129 habetur
1258 2089 1302 2127 in
1331 2085 1456 2141 nobili

274 2155 341 2196 illa
377 2171 420 2196 ac
458 2155 721 2212 pulcherrima
756 2158 874 2196 animi
901 2158 1182 2212 descriptione,
1226 2171 1344 2212 >quam
1371 2156 1453 2195 So—

277 2235 446 2265 cRATEs
486 2226 529 2264 in
571 2224 724 2264 decimo
755 2226 806 2265 de
830 2228 1062 2279 Republica
1088 2227 1190 2267 libro
1217 2226 1450 2265 GLAucom

280 2289 345 2329 dat
382 2293 511 2341 juveni
554 2294 687 2332 amico.
740 2292 853 2349 Haud
891 2292 986 2333 adeo
1027 2296 1129 2345 gravi
1174 2294 1323 2332 crimini
1343 2293 1454 2349 'mihi

280 2369 434 2399 vertent
459 2358 640 2411 lectores,
686 2364 846 2416 opinor,
876 2364 908 2402 si
936 2373 1062 2404 totum
1094 2363 1218 2402 locum
1244 2361 1364 2403 latino
1390 2362 1456 2401 hie

324 2461 375 2504 (ι)
397 2472 427 2502 p.
450 2461 523 2493 52².
544 2462 582 2493 A.

322 2516 373 2561 (a)
395 2518 475 2552 Lao.
497 2517 531 2551 X.
554 2528 584 2559 p·
610 2518 682 2559 899.
706 2517 743 2552 D.
