1700 3064
668 289 881 329 „29—

192 393 569 442 ’rommnovimuffi
601 404 639 438 et
662 395 745 446 jure
777 408 867 433 eum
892 392 982 432 huic
1003 391 1083 432 fere
1107 404 1352 444 argumento,

193 474 282 500 cum
299 460 462 515 optimis
485 462 777 516 quibuscunque
799 451 1041 514 Philosopbis
1056 492 1067 511 ‚
1095 461 1264 515 palmam
1280 460 1353 500 tri-

193 530 330 577 buere,
374 543 485 570 nemo
519 529 661 569 infitias
699 530 781 568 ibit.
835 530 888 570 At
915 543 1005 569 vero
1030 530 1125 569 ratio
1162 530 1249 580 illa,
1279 529 1356 585 qua

193 599 263 637 hic
292 598 437 638 mundo
468 600 588 638 inesse
618 599 787 636 animum
811 588 974 654 probat,
1006 609 1050 637 ut
1075 613 1169 637 nova
1196 608 1355 653 prorsus

191 676 231 705 et
274 666 441 707 inaudita
480 666 634 705 auribus
673 665 834 716 accidit,
881 669 934 707 ita
971 666 1099 705 multis
1133 668 1354 707 nominibus

190 735 507 789 reprehendenda
536 733 696 774 videtur.
746 736 852 789 Quid
876 738 1007 788 enim?
1052 737 1208 776 Etiamsi
1235 735 1354 785 illud,

192 802 298 858 quod
325 803 507 851 sumitur,
550 816 711 856 corpora
749 803 850 842 hisce
878 806 918 843 in
945 806 1056 844 terris
1078 804 1311 844 sua⁴habere
1336 819 1357 842 a

192 886 358 926 corpore
383 869 516 910 mundi
528 901 540 921 ,
570 872 652 921 jure
668 882 892 920 sumeretur,
914 877 1047 927 utpote
1064 874 1238 913 omnium
1256 887 1356 912 con·-

192 954 302 979 sensu
341 940 428 978 satis
456 939 675 989 firmatum,
716 940 810 978 hinc
839 950 962 978 tamen
989 942 1093 980 nullo
1117 941 1230 981 modo
1260 941 1358 979 effici

190 1005 328 1064 possit,
366 1009 480 1048 animi
506 1005 661 1065 quoqne
700 1009 823 1049 nostri
849 1006 1014 1048 eandem
1041 1024 1120 1048 esse
1146 1011 1353 1061 originem3

185 1081 266 1117 *nec
304 1079 403 1116 enim
441 1079 525 1132 ipse
577 1080 724 1117 PLATO
780 1077 870 1123 alibi
925 1077 1031 1116 tanta
1072 1078 1357 1116 necessitudine

180 1156 389 1201 ¹utramque
428 1146 628 1187 animantis
655 1156 831 1185 naturam
859 1146 1069 1186 connectit.
1112 1146 1207 1185 Rem
1238 1146 1359 1200 ipsam

191 1228 316 1255 autem
341 1217 428 1257 data
456 1217 818 1270 opera'PLATOle
845 1215 1010 1269 explicat
1027 1217 1259 1265 TIMAEUS,
1286 1217 1357 1270 qui

189 1286 229 1323 in
271 1287 494 1338 cognomine
534 1284 729 1336 Dialogo,
772 1285 895 1323 Deum
937 1283 1087 1323 inducit
1116 1298 1179 1322 ex
1203 1277 1358 1323 'mundi

190 1355 329 1403 animi,
368 1370 465 1408 quae
492 1363 738 1408 supererant,
780 1351 997 1399 elementis,
1027 1355 1171 1393 animos
1199 1352 1354 1404 fingen-

189 1434 267 1461 tem
304 1421 512 1476 reliquos3'
541 1421 602 1460 Dii
639 1434 730 1459 vero
766 1420 957 1468 juniores,
1000 1421 1122 1472 ipsius
1161 1421 1204 1457 in
1242 1421 1356 1459 rebus

188 1487 362 1529 creandis
404 1487 620 1540 adjutores,
663 1501 823 1541 corpora
864 1498 904 1526 ut
939 1487 1220 1542 fabricarentur
1246 1503 1356 1529 mor-

180 1557 298 1604 talia,
335 1557 382 1593 ab
428 1558 605 1595 universo
645 1556 806 1593 mutuati
844 1554 1026 1594 dicuntur
1052 1557 1174 1605 aeris,
1210 1572 1357 1610 aquae,

187 1624 310 1676 ignis,
337 1633 459 1662 terrae
486 1621 691 1677 particulas
721 1621 805 1677 (1);
837 1621 947 1678 quod
974 1623 1114 1678 passim
1128 1623 1220 1662 alibi
1236 1623 1355 1665 doce-

189 1708 300 1741 mur,
329 1702 373 1730 ut
399 1693 442 1730 in
468 1693 702 1744 Protagora
731 1690 802 1743 (2).

218 1761 554 1799 PROTAGORAM
594 1757 689 1799 dum
726 1757 837 1810 dico,
876 1761 919 1799 in
946 1760 1149 1815 Sophistae
1176 1729 1296 1812 illius,
1336 1778 1359 1802 a

189 1844 274 1885 quo
313 1842 459 1867 nomen
496 1826 667 1879 dialogus
710 1828 850 1880 habet,
894 1829 1059 1869 fabulam
1095 1830 1240 1880 incidi,
1280 1830 1358 1885 qui

187 1899 440 1939 EPIMETHEI
482 1906 520 1935 et
560 1897 829 1936 PROMETHEI
871 1897 1078 1942 celebravit
1114 1899 1156 1938 in
1199 1899 1359 1939 humani

188 1967 305 2005 animi
332 1963 575 2019 facul-tatibus
604 1962 880 2004 distribuendis
907 1981 1080 2020 operam.
1130 1968 1185 2007 Ut
1209 1967 1356 2019 solent,

189 2035 329 2089 quibus
358 2034 374 2072 ὁ
407 2034 486 2082 ἐρῶν
511 2032 610 2072 forte
632 2042 827 2081 occurrat,
854 2034 927 2087 ipsi
946 2032 1182 2085 adhaerere,
1213 2046 1358 2075 caetera

188 2106 314 2144 omnia
340 2103 548 2154 negligere,
576 2102 683 2141 hunc
710 2118 832 2141 unum
847 2105 1034 2155 cogitare,
1061 2106 1115 2143 ita
1139 2105 1235 2144 mihi
1252 2114 1381 2145 nunc'

186 2171 353 2218 acciditg
396 2169 492 2210 adeo
521 2170 663 2210 allicuit
689 2170 993 2211 PnorAeonAE
1022 2171 1109 2222 illa,
1140 2187 1259 2227 quam
1284 2174 1359 2229 ipsi

184 2243 332 2294 egregie
360 2242 425 2281 hic
453 2240 589 2280 tribuit
614 2240 786 2297 PLATQ,
827 2240 1056 2293 grandisona
1083 2242 1269 2283 sermonis
1293 2243 1356 2283 fa-

353 2342 425 2389 526.
447 2355 486 2388 D.

228 2355 280 2452 {a}
300 2367 379 2444 vat
408 2411 481 2443 Tm.
511 2421 541 2451 p.
563 2412 615 2443 41.
637 2411 676 2444 D.
699 2417 728 2442 et
748 2412 799 2443 4².
821 2411 856 2444 Ε.
878 2428 918 2435 -
948 2394 1105 2445 Caeterum
1127 2413 1194 2445 de'
1184 2425 1249 2456 ipso
1271 2425 1362 2457 argu-

186 2474 285 2499 mento
315 2467 457 2509 quaedam
490 2466 576 2499 habet
606 2468 1262 2514 Tmnusnn·System.11-1›ag.159
1281 2482 1358 2514 seqq.

187 2525 241 2565 qui
264 2530 360 2555 tamen
381 2529 463 2555 caute
485 2529 530 2554 est
550 2523 722 2555 audiendus.
