1700 3064
778 268 995 304 -52—

301 397 380 436 pue
401 382 559 422 illustrat
573 394 738 421 summus
758 379 1016 433 Philosophus
1031 384 1182 434 egregio
1192 383 1258 423 1110
1272 383 1314 422 in
1326 384 1469 423 Phae..

303 453 377 490 dro
409 451 527 497 μυθῷ,
565 449 706 504 pariter
732 446 798 486 illo
827 447 958 487 ‘sensus
982 448 1160 498 gravitate
1183 461 1295 507 atque
1321 452 1466 492 oratio-

300 520 359 558 nis
382 518 558 571 poeticae
586 516 713 557 colore
739 515 902 567 decoro,
932 531 1011 572 quo
1037 516 1152 555 animi
1178 524 1365 573 equorum
1384 519 1466 560 nla-

299 598 429 627 torum
459 587 663 642 comparati
690 587 811 638 jugis,
845 602 938 643 quos
962 587 1151 639 gubernat
1175 601 1220 626 ae
1247 589 1466 630 moderatur

296 657 447 705 auriga,
486 656 682 706 finguntur
716 656 804 694 αὐτὸ
827 657 868 694 τὸ
890 658 925 696 ἕν
949 658 990 695 in
1014 656 1107 695 coeli
1131 657 1271 696 vertice
1293 671 1466 711 spectare

296 734 495 763 tentantes.
548 724 603 761 De
640 722 711 761 hac
753 737 914 777 quoque
951 725 1166 764 animorum
1196 727 1364 762 anteacta
1390 727 1469 765 vita

296 791 432 831 ultimo
454 792 516 830 illo
541 792 583 829 in
619 804 770 830 carcere
800 790 863 829 die
890 792 1030 843 multa,
1056 806 1173 846 eaque
1194 792 1342 844 egregia
1366 790 1469 833 dixit

295 860 542 905 δοοΒΑΤΕε,
576 870 620 898 ut
647 870 781 899 auctor
811 871 870 899 est
893 863 935 900 in
964 862 1184 901 Phaedone
1210 861 1267 914 (ι)
1292 860 1464 909 PLAro,

294 929 360 967 ubi
388 929 491 966 inter
514 927 585 966 alia
613 928 707 967 haec
733 928 936 980 leguntur:
966 930 1014 977 τῷ
1037 931 1103 976 μὲν
1127 929 1201 977 θείῳ
1221 929 1280 968 καὶ
1300 928 1463 975 ἀθανάτῳ

293 992 357 1036 καὶ
391 998 498 1045 νοητῷ
534 996 594 1035 καὶ
631 998 799 1044 μονοειδεῖ
818 997 878 1036 καὶ
908 997 1087 1044 datumve
1112 995 1174 1035 xxi
1197 996 1253 1036 ἀεὶ
1276 995 1460 1039 ὡσαύτως,

292 1063 355 1104 καὶ
381 1066 481 1104 κατὰ
503 1065 626 1105 ταῦτὰ
640 1065 755 1113 ἔχοντι
769 1066 906 1115 ἑαυτῷ,
935 1065 1133 1113 ὁμοιότατον
1157 1062 1242 1104 εἶναι
1261 1063 1380 1113 ψυχὴν
1393 1061 1464 1116 (2).

293 1134 452 1174 Addere
479 1136 592 1172 etiam
618 1134 732 1183 licet,
774 1149 871 1187 quae
902 1136 1127 1182 TIMAEUS,
1168 1136 1208 1171 in
1240 1135 1466 1184 cognomine

292 1202 464 1254 dialog0‚
506 1201 554 1241 de
581 1203 696 1241 animi
724 1213 812 1242 ortu
839 1202 978 1252 refert,
1009 1214 1051 1243 ut
1077 1201 1332 1254 intelligatur,
1362 1218 1464 1258 qua-

289 1282 401 1309 tenus
428 1272 476 1319 τῷ
503 1272 564 1319 θεῷ
587 1273 635 1310 sit
662 1272 839 1317 συγγενὴς
863 1272 1010 1310 animus
1035 1272 1235 1310 humanus.

341 1339 426 1377 Jam
476 1337 575 1377 illud
626 1339 688 1377 his
742 1339 902 1390 attigisse
955 1338 1128 1378 videmur
1170 1348 1436 1391 argumentum
1450 1367 1464 1389 ‚

291 1407 403 1461 quod
441 1408 515 1460 ipsi
556 1408 753 1446 PLATONI
799 1402 968 1446 omnium
1010 1409 1117 1458 longe
1156 1408 1313 1460 plurimi
1338 1408 1464 1446 habe-

291 1477 404 1515 batur
431 1474 560 1530 pretii.
615 1474 838 1530 Philosophi
867 1485 966 1515 certe
995 1477 1037 1515 in
1065 1476 1189 1514 animo
1215 1474 1461 1529 incorruptus

291 1546 528 1585 et'invictus
567 1545 716 1596 vigebat
752 1556 792 1585 et
836 1545 985 1585 valebat
1022 1544 1087 1584 ille
1116 1544 1350 1595 cognationis
1377 1557 1465 1583 cum

290 1614 373 1653 Deo
411 1613 572 1667 Optimo
613 1612 783 1651 Maximo
810 1627 964 1661 sensus,
1006 1623 1044 1652 et
1070 1627 1163 1666 prae
1193 1612 1349 1651 caeteris
1376 1626 1462 1650 om-

288 1682 402 1720 nibus
441 1681 520 1720 hoc
560 1692 661 1720 certe
701 1682 911 1720 maximum
943 1681 997 1729 ei,
1042 1695 1111 1720 cur
1154 1681 1215 1720 Dii
1254 1681 1354 1730 sint,
1394 1679 1466 1719 fuit

288 1759 564 1801 argumentum.
615 1749 736 1789 Nobis
777 1750 993 1788 etiamnunc
1025 1748 1118 1787 huic
1145 1748 1269 1788 omnia
1297 1746 1463 1796 cedunt,

290 1828 480 1872 quotquot
520 1819 642 1857 variae
683 1818 812 1857 aetatis
851 1817 1080 1872 philosophi
1113 1831 1282 1871 unquam
1309 1830 1461 1870 propo-

290 1886 459 1936 suerint,
499 1896 538 1925 et
565 1885 650 1926 ideo
676 1886 843 1926 ΚΑΝΤΙΙ
871 1884 990 1936 illud,
1021 1884 1162 1925 morale
1190 1883 1306 1940 quod·
1324 1883 1473 1943 diciturx

289 1967 550 2006 argumentum
563 1985 576 2005 ,
619 1956 748 1996 multis
789 1971 939 2009 semper
979 1956 1202 1996 nominibus
1229 1953 1465 1994 laudandum

289 2023 404 2062 nobis
424 2022 571 2062 videtur
582 2051 595 2071 ,
622 2024 729 2078 quod
744 2025 835 2064 huic
850 2026 927 2079 iPsi
945 2025 1156 2071 συγγενείας
1173 2023 1356 2065 innititur
1371 2035 1463 2059 sen-

287 2093 359 2132 sui.
387 2092 477 2131 Non
492 2102 614 2130 tamen
629 2092 736 2145 quod
751 2093 878 2141 velim,
897 2092 1077 2132 adversus
1094 2093 1232 2146 impios
1253 2087 1464 2144 quidquam

285 2159 412 2200 valere
441 2158 533 2198 tales
562 2173 582 2197 e
611 2173 722 2197 sensu
751 2160 929 2213 quodam'
947 2160 1080 2199 ductas
1101 2161 1278 2198 rationes.
1317 2158 1463 2208 Negant

288 2229 474 2268 continuo
501 2228 587 2277 isti,
619 2227 734 2266 talem
761 2228 835 2266 sibi
860 2228 978 2268 inesse
997 2243 1176 2277 sensum3
1207 2236 1248 2265 et
1268 2235 1371 2265 recte
1385 2240 1459 2264 ne-

288 2306 401 2345 gant:
432 2309 520 2333 nam
548 2294 801 2350 depravatum
828 2306 867 2334 et
895 2296 943 2334 ad
961 2296 1118 2336 scelesta
1148 2309 1320 2349 quaeque
1340 2309 1459 2349 prae-

290 2362 446 2416 cipitem
460 2365 630 2403 animum
644 2396 655 2416 ,
685 2363 862 2404 meliores
877 2379 920 2404 ac
934 2363 1139 2405 diviniores
1155 2363 1302 2415 fugiunt
1319 2376 1460 2404 sensus-

330 2463 382 2507 (¹)
402 2475 431 2505 P·
455 2464 587 2505 75—77·

330 2520 382 2563 (α)
403 2531 433 2562 p.
455 2520 507 2553 80.
528 2522 563 2553 A.

1652 1936 1700 2014 ιύ
