1700 3064
758 313 975 337 —20—0-

274 416 493 468 credamus,
535 429 634 470 quae
661 416 710 457 de
738 417 818 456 Diis
845 416 1104 470 exposuimus.
1159 419 1314 470 Unum,
1342 416 1447 475 quod

275 485 327 525 de
351 489 481 524 ‘animo
510 479 697 522 diisimus:
741 484 785 525 ὡς
821 481 1067 530 πρεσβύτατόν
1100 497 1143 521 τε
1178 485 1240 524 καὶ
1277 484 1446 525 θειότατόν

272 556 347 596 ἐστι
384 552 527 595 πάντων
560 551 605 594 ὧν
643 554 791 597 κίνησις,
832 552 967 599 γένεσιν
1001 552 1290 601 παραλαβοῦσα,
1328 553 1449 596 ἀέναον

269 625 389 663 οὐσίοιν
407 623 592 670 {qt-dmum
628 614 786 659 alterum
814 619 864 658 de
891 632 1018 671 motu,
1054 622 1097 663 ὦς
1123 619 1197 667 ἔχει
1222 623 1358 668 τάξεως
1383 622 1449 661 ἄσ-

269 707 356 740 τρων
390 705 431 729 τε
464 690 526 730 καὶ
553 688 637 730 ὅσων
662 687 780 728 ἄλλων
806 689 985 738 ἐγκρατὴς
1010 692 1083 733 νοῦς
1109 685 1184 727 ἐστὶ
1209 689 1249 727 τὸ
1275 693 1349 729 πᾶν
1375 692 1449 731 διοι-

272 761 519 806 κεκοσμηκώς.
569 758 669 797 Male
697 768 826 796 autem
853 758 1032 797 nonnulli
1060 759 1319 806 arbitrantur,
1360 771 1447 808 eos,

272 829 342 881 qui
382 827 635 867 astronomiae
673 837 711 865 et
760 825 917 880 reliquis
956 826 1072 877 hujus
1112 826 1258 877 generis
1300 826 1445 864 artibus

270 895 433 948 operam
464 892 585 943 dent,
615 894 735 937 ἀθέους
764 893 872 943 fieri,
905 895 1052 948 quippe
1082 895 1151 947 qui
1163 917 1184 941 ‚·
1218 908 1306 932 cum
1332 891 1380 930 ad
1406 906 1448 931 ea

269 978 425 1017 semper
452 963 687 1017 respiciant,
707 977 807 1016 quae
824 963 1049 1002 necessitate
1068 962 1170 1002 fiunt
1182 991 1196 1012 ,
1224 977 1305 1002 non
1322 972 1449 1002 mente

267 1042 306 1070 et
344 1029 544 1071 voluntate
582 1031 676 1069 boni
717 1043 827 1068 causa
865 1032 997 1068 omnia
1035 1030 1209 1084 perfecta
1246 1045 1324 1069 esse
1353 1022 1447 1070 oen-

266 1111 385 1140 seam.
445 1098 569 1154 Quod
609 1113 713 1139 secus
753 1109 810 1137 est
845 1113 989 1149 nunc,v
1014 1110 1052 1138 et
1080 1114 1166 1138 cum
1193 1100 1361 1141 inanima
1387 1098 1449 1139 illa

268 1169 443 1207 coelestia
482 1183 646 1221 corpora
688 1166 904 1205 crederent.
962 1167 1195 1221 Quicunque
1221 1170 1326 1206 enim
1353 1158 1459 1206 dili-‘

273 1237 420 1288 gentius
447 1251 491 1275 ea
520 1233 833 1284 considerarent,
862 1233 1045 1274 miracula
1071 1236 1215 1275 intueri
1242 1236 1316 1274 sibi
1333 1234 1446 1275 vide-

267 1307 439 1353 bantur,
482 1319 556 1344 nec
583 1320 777 1359 unquam,
817 1305 850 1343 si
876 1306 1002 1344 animo
1041 1316 1078 1344 et
1112 1316 1241 1344 mente
1268 1305 1448 1344 destituta

269 1384 417 1422 essent,
472 1372 705 1412 admirandis
751 1371 846 1411 adeo
897 1373 1108 1412 rationibus
1151 1375 1298 1413 moveri
1336 1388 1447 1427 posse

267 1441 496 1481 statuebant.
549 1440 641 1479 Ausi
679 1450 769 1479 sunt
806 1438 902 1478 adeo
929 1450 967 1479 et
994 1451 1088 1479 tunc
1114 1441 1291 1481 nonnulii
1318 1441 1446 1494 palam

265 1509 472 1563 profiteri,
519 1509 564 1552 ὦς
601 1511 676 1551 νοῦς
702 1508 755 1552 εἴη
780 1509 797 1546 ὃ
823 1509 1105 1556 διακεκοσμηκὼς
1142 1508 1245 1548 πάνθ’
1269 1507 1336 1547 ὅσοι
1363 1510 1445 1549 κατ’

264 1578 415 1626 οὐρανόν.
471 1574 549 1617 Sed
576 1577 704 1617 omnia
733 1574 775 1615 hi
804 1592 939 1617 rursus
971 1588 1209 1628 everterunt,
1241 1579 1328 1632 quia
1355 1580 1442 1619 ani-

267 1660 373 1684 mum
402 1659 566 1698 corpore
593 1645 786 1697 putabant
811 1646 1014 1694 juniorem.
1050 1646 1148 1685 Nam
1165 1648 1318 1696 omnia,
1344 1663 1445 1702 quae

267 1715 442 1754 sensibus
469 1713 762 1768 percipiebant,
801 1726 966 1767 corpora
994 1714 1182 1765 inanima,
1220 1715 1445 1756 coelestibus

263 1783 337 1822 iilis
375 1794 421 1822 ut
460 1797 592 1822 rerum
632 1797 760 1821 causas
803 1782 1038 1821 tribuebant.
1100 1783 1202 1822 Hinc
1238 1785 1443 1824 Poetarum

265 1850 442 1890 conviciis
461 1861 497 1889 et
514 1850 756 1889 irrisionibus
783 1848 946 1889 lacessiti
974 1862 1065 1890 sunt
1092 1851 1343 1907 Philosophi,
1375 1858 1443 1909 qui

265 1919 352 1958 talia
388 1920 646 1973 inquirebant.
701 1920 816 1959 Nunc
848 1933 937 1959 vero
968 1935 1047 1959 non
1077 1920 1170 1960 item
1204 1922 1260 1962 fit.
1317 1925 1440 1963 Nemo

263 1988 370 2026 enim
408 1987 623 2025 mortalium
664 1986 736 2026 rite
776 1988 897 2026 Deum
938 1987 1058 2039 colet,
1103 1990 1170 2044 qui
1212 2005 1296 2031 non
1324 2006 1440 2030 acce-

257 2045 367 2110 'pcrit
393 2056 586 2110 primum,
617 2055 721 2109 quod
739 2054 787 2093 ad
804 2057 992 2106 animum,
1023 2059 1066 2101 ὦς
1094 2057 1168 2098 ἔστι
1194 2059 1441 2108 πρεσβύτατον

262 2123 434 2164 ἁπάντων
458 2122 524 2165 ὅσοι
548 2127 653 2169 γονῆς
679 2123 898 2171 μετείληφεν
921 2124 1095 2163 ἀθάνατόν
1119 2140 1182 2168 τε,
1209 2124 1311 2173 ἄρχει
1336 2140 1377 2164 τε
1401 2126 1440 2170 δὴ

261 2194 437 2240 σωμάτων
461 2193 627 2236 πάντων,
648 2188 789 2228 deinde
815 2190 920 2245 quod
946 2193 1094 2246 saepius
1122 2191 1285 2231 diximus
1311 2193 1347 2232 ἐν
1369 2198 1441 2239 τοῖς

263 2255 399 2304 ἄστροις
428 2260 503 2296 νοῦν
527 2273 616 2298 vere
644 2259 767 2298 inesse
797 2258 869 2311 (1).

316 2322 543 2365 Hosmrfflu
567 2326 663 2367 haec
690 2326 917 2383 loquentem
948 2326 1191 2378 induximus,
1223 2343 1305 2369 non
1331 2329 1437 2387 quod

259 2406 359 2431 nova
386 2395 605 2434 contineant
632 2398 712 2447 ejus
739 2397 880 2445 verba,
912 2395 979 2435 sed
1008 2396 1115 2450 quod
1141 2400 1307 2450 egregie,
1337 2414 1437 2453 quae

299 2542 351 2582 (ι)
373 2542 455 2573 Lao.
478 2541 543 2574 xn.
567 2554 598 2582 ρ.
626 2544 697 2583 966·
722 2543 759 2575 B.
784 2560 821 2568 -
846 2544 918 2584 967.
940 2544 976 2576 ε.
