1700 3064
291 348 371 391 Sed
397 348 467 403 qui
492 347 666 390 'omnibus
692 353 855 393 omnino
880 350 1104 393 hominibus
1130 347 1225 389 tales
1247 345 1434 397 denegent
1447 375 1462 398 ‚

291 415 347 455 illi
374 416 452 456 hoc
477 426 625 457 tantum
650 418 847 472 produnt,
885 434 924 458 se
949 421 1130 474 ignorare
1159 415 1320 454 humani
1345 412 1462 451 animi

292 497 380 524 vere
430 482 597 525 divinam
644 497 832 527 naturam.
897 488 1013 528 Recte
1056 485 1174 537 igitur
1210 497 1295 523 rem
1335 482 1465 536 ipsam

290 554 484 615 perspexit
507 554 678 605 PLA'ro,
717 555 786 608 qui
805 554 854 593 ab
879 554 955 596 hoc
979 563 1202 608 argumento
1219 549 1464 599 abstinuerit,

291 621 361 660 ubi
378 637 382 640 ’
397 637 483 662 cum
520 624 649 677 impiis
682 632 809 661 sermo
844 623 919 663 sibi
946 635 1040 665 esset
1067 623 1288 672 institutus3
1324 618 1464 660 rectis-

291 689 385 726 sime
423 704 514 730 vero
551 688 678 736 idem,
715 688 803 727 cum
828 688 895 739 ea,
935 693 1013 745 φή
1041 702 1117 741 est,
1160 689 1279 728 animi
1305 686 1466 726 humani

293 758 533 808 cognitione,
584 756 620 794 ei
658 754 859 795 inhaerere
898 761 1136 809 cognovisset
1168 757 1284 797 talem·
1315 767 1462 806 cogna-

289 826 406 866 tionis
443 837 533 862 cum
566 824 647 862 Deo
681 837 836 865 sensum
872 826 1124 876 ineffabilem,
1165 826 1209 865 in
1236 840 1283 865 eo
1313 823 1465 863 firmis-

289 894 429 933 simum
454 892 626 939 invenit,
667 905 736 930 cur
762 892 827 931 Dii
854 893 954 942 sint,
993 904 1269 944 argumentum.
1324 889 1465 946 Quid-

290 962 387 1019 quid
414 962 518 1001 enim
544 960 700 1013 dicant,
740 966 809 1017 qui
845 978 1029 1003 sensuum
1060 963 1193 1002 talium
1218 963 1466 1003 fallacitatem

290 1041 447 1084 urgent,
476 1041 568 1071 sunt
593 1034 756 1072 omnino
783 1030 944 1088 quidam
971 1031 1103 1072 fallere
1130 1032 1273 1080 nescii,
1302 1046 1467 1087 quorum

289 1100 376 1140 fons
414 1110 454 1139 et
494 1101 598 1151 origo
632 1102 673 1139 in
714 1102 830 1154 ipsius
857 1103 974 1140 animi
1002 1103 1200 1155 reperitur
1227 1100 1469 1140 conscientia

288 1170 357 1209 sui.
412 1168 524 1207 Hisce
551 1178 677 1208 autem
703 1170 787 1220 jure
814 1170 953 1209 merito
980 1180 1257 1209 annumeratur
1280 1168 1381 1209 clara
1404 1167 1471 1207 illa

289 1248 446 1276 naturae
473 1251 571 1285 vox,
613 1237 748 1275 intima
784 1237 850 1275 illa
886 1238 1024 1275 mentis
1062 1238 1278 1290 persuasio,
1320 1235 1470 1275 scilicet

288 1320 358 1345 nos
385 1305 467 1344 Deo
496 1304 657 1357 Optimo
684 1304 854 1344 Maximo
873 1318 953 1343 esse
973 1315 1176 1355 cognatos,
1206 1305 1353 1344 animos
1370 1318 1466 1343 nos-

289 1382 372 1410 tros
399 1369 551 1409 divinae
577 1384 657 1409 esse
685 1369 888 1423 particulas
914 1384 1051 1420 aurae3
1082 1385 1155 1410 nos
1182 1371 1252 1419 ea,
1282 1371 1359 1424 qua
1377 1384 1466 1409 cae-

290 1439 381 1478 t'eris
421 1446 657 1493 praestamus
694 1438 974 1491 animantibus,
1014 1448 1147 1477 mente
1181 1448 1220 1477 et
1245 1440 1394 1477 ratione
1420 1438 1470 1476 ad

289 1506 411 1548 divini
437 1507 616 1548 Numinis
642 1507 806 1546 maxime
833 1505 1017 1547 accedere
1047 1506 1248 1547 coelestem
1264 1507 1416 1548 *ozia-lav.

341 1576 420 1615 Nos
447 1563 579 1630 itaque
602 1576 824 1615 etiamnunc
845 1590 994 1616 summo
1014 1575 1250 1629 philosopho
1266 1575 1470 1614 Pis-rom

287 1644 502 1699 plurimum
529 1659 597 1686 nos
624 1643 765 1684 debere
793 1645 996 1692 sentimus,
1028 1645 1096 1699 qui
1125 1643 1197 1683 tale
1226 1643 1470 1683 celebraverit

286 1712 406 1765 ipsius
443 1714 584 1761 animi,
627 1727 697 1752 cur
734 1713 798 1752 Dii
831 1713 928 1762 sint,
971 1713 1227 1751 testimonium
1253 1712 1358 1750 omni
1387 1711 1469 1750 fide

288 1779 459 1831 dignum.
508 1781 606 1820 Nam
645 1782 716 1819 etsi
742 1780 819 1820 alio
843 1796 956 1821 sensu
984 1778 1270 1834 quodammodo
1290 1796 1312 1822 a
1326 1780 1471 1829 nostris

286 1848 533 1902 Philosophis
586 1848 790 1887 hominum
828 1848 973 1889 dicitur
1013 1864 1100 1890 cum
1137 1850 1218 1888 Deo
1265 1850 1439 1900 cognatio
1455 1879 1468 1899 ‚

288 1929 419 1959 manet
446 1928 575 1957 tamen
603 1915 893 1956 necessitudinis
920 1931 1009 1956 cum
1030 1916 1164 1958 divina
1183 1917 1326 1958 natura
1342 1919 1469 1969 notio,

289 1986 470 2041 illiusque
511 1982 645 2025 sensus
685 1986 891 2025 certissime
932 1984 1029 2025 adeo
1053 1973 1132 2026 *vel
1175 1987 1289 2025 nobis
1310 1988 1471 2036 etiam,

288 2057 414 2097 Deum
441 2070 543 2105 esse,
572 2056 741 2110 probare
758 2053 933 2105 videtur,
961 2066 1030 2106 ut,
1059 2053 1274 2095 dummodo
1288 2054 1471 2106 adjungas

290 2124 403 2172 illud,
428 2124 537 2179 quod
555 2139 601 2163 ex
621 2125 789 2163 universi
804 2124 960 2174 natura,
979 2123 1133 2173 ordine,
1155 2123 1312 2162 consilio
1322 2125 1472 2177 petitur

286 2204 573 2245 argumentum,
603 2193 762 2232 caeteris
790 2193 968 2233 omnibus
993 2191 1103 2240 facile
1127 2205 1334 2231 careamus.

340 2326 485 2368 Omnes
524 2331 604 2381 jam
645 2344 666 2367 a
702 2343 764 2368 me
802 2338 1109 2368 commemoratas
1150 2329 1325 2369 arbitror
1352 2329 1467 2369 PLA—

289 2407 422 2436 TONIS
450 2398 683 2445 sententias,
711 2412 810 2452 quae
839 2411 885 2436 eo
906 2396 1048 2435 diserte
1067 2395 1256 2447 tendant,
1284 2408 1343 2448 ut,
1368 2399 1469 2437 Deos

286 2457 367 2505 esse
383 2493 394 2514 ,
436 2464 737 2519 quibuscunque
767 2463 927 2505 tandem
963 2463 1091 2506 modis
1119 2466 1262 2508 efficiat
1287 2463 1467 2508 Philoso-

1155 2537 1183 2576 3
