1700 3064
277 400 389 444 cepta
409 389 522 430 fuisse
549 405 571 428 a
598 391 855 446 compilatore,
888 393 958 447 qui
981 392 1058 431 hoc
1081 391 1213 432 libello
1234 392 1455 433 PLA'roms

276 457 392 499 vellet
417 457 623 512 complecti
654 460 885 501 Tutanum.
941 460 1096 500 Etenim
1118 474 1161 515 p.
1190 461 1253 516 94.
1280 462 1326 502 G.
1360 460 1452 501 haee

276 527 416 567 habetx
446 528 584 574 ἄγαιθὸς
609 527 654 569 ὦν
672 530 690 569 ὃ
711 530 785 575 θεὸς
809 526 954 580 spesve
973 530 1042 569 τὰν
1064 526 1370 581 ὕλανῖδεχομένᾱν
1380 531 1452 570 ’τὶν

274 596 369 635 ἰδέαν
405 596 467 635 καὶ
505 590 955 645 ἆλλοιουμένκνπαιντοίως
969 630 983 650 ‚
1028 597 1169 652 quihus
1209 596 1450 654 respondent

273 664 449 704 Tmam
489 664 595 721 apud
617 667 863 708 Pan-onan
890 668 1031 718 verba,
1059 666 1146 722 pag.
1176 664 1243 708 523.
1271 668 1351 717 D.;
1382 665 1451 707 sed

270 734 323 772 ita
359 743 450 773 sunt
475 749 657 788 perversa
683 745 721 773 et
748 735 846 775 male
874 737 994 790 posita
1008 766 1021 787 ‚
1049 746 1092 775 ut
1118 746 1247 790 aperte
1273 735 1448 773 PLA'ro-

270 813 345 843 ms
373 812 413 843 et
439 802 766 857 Pythagoreorum
793 805 908 844 etiam
935 805 1143 845 sententiae
1169 802 1444 858 obloquantur.

270 872 360 911 Non
386 872 493 911 enim
518 873 697 923 materia,
726 886 816 912 cum
841 875 920 925 jam
947 874 997 914 ab
1025 873 1120 914 ideis
1145 873 1303 914 formam
1330 886 1447 913 acce-

268 941 397 996 perit,
436 940 563 982 adhuc
600 942 763 983 fluctuat
802 943 912 999 quasi
948 953 988 983 et
1025 951 1134 989 motu
1175 943 1337 994 agitatur
1377 941 1446 980 in-

269 1009 445 1051 condito.
515 1011 581 1052 Sic
620 1011 714 1052 alibi
755 1027 908 1068 quoque
953 1012 1023 1052 ubi
1064 1010 1114 1051 de
1153 1011 1270 1050 animi
1308 1008 1449 1050 mundi
1517 1017 1520 1022 '

270 1081 552 1136 compositione
577 1096 626 1121 ex
650 1080 852 1123 individuo
881 1091 919 1121 et
944 1079 1102 1122 dividuo
1128 1094 1254 1121 sermo
1283 1090 1364 1128 est,
1386 1080 1447 1121 ab

270 1145 332 1190 his
368 1151 535 1190 secernit
573 1150 637 1196 τὴν
671 1153 733 1190 τοῦ
759 1152 891 1190 ταύτοῦ
917 1149 978 1189 καὶ
1003 1150 1145 1198 aaa-spo&
1158 1149 1293 1198 φύσης
1333 1158 1446 1189 nam—

256 1217 347 1273 'que
373 1217 472 1259 dicit
487 1236 498 1258 ε
529 1215 555 1267 ᾧ
579 1217 751 1266 ποτ-ἔμιξε
763 1218 821 1257 δύο
843 1217 1006 1265 δυνάμεις
1028 1218 1147 1266 ἀρχὰς
1163 1214 1353 1264 maclam,
1379 1219 1448 1261 τᾶς

270 1302 321 1327 ται
345 1289 465 1327 τωύτῶ
491 1286 553 1327 καὶ
577 1289 645 1331 τοῖς
669 1290 718 1326 τῶ
742 1285 859 1336 ἑτέρω·
889 1285 1001 1341 quod
1028 1296 1156 1326 tamen
1182 1287 1226 1325 in
1253 1284 1329 1325 hac
1357 1285 1445 1325 ani-

269 1356 324 1395 mi
352 1356 637 1409 compositione
666 1354 819 1394 admitti
845 1369 960 1409 posse
976 1358 1068 1394 Tnon
1096 1353 1259 1396 videtur.
1287 1378 1337 1387 —
1363 1355 1448 1393 De-

268 1425 392 1479 nique
431 1427 505 1464 tria
542 1435 715 1465 recenset
741 1438 873 1463 rerum
899 1423 1108 1479 principia,
1135 1421 1278 1473 Ideam,
1307 1423 1444 1472 Deum,

261 1494 483 1542 Materiam,
512 1492 646 1545 (ἰδέαν,
674 1492 770 1536 θεόν,
798 1491 885 1538 ὅλην
897 1507 980 1546 pag.
1000 1494 1063 1545 94.
1082 1493 1144 1546 Β.)
1160 1492 1285 1546 quali-a
1299 1490 1445 1532 diserte

265 1562 363 1603 adeo
393 1577 475 1602 non
502 1562 679 1602 nominat
704 1562 881 1613 Pano,
909 1561 978 1617 qui
1005 1562 1045 1601 τὸ
1068 1560 1130 1609 ὅν,
1155 1561 1220 1606 τὴν
1242 1555 1361 1610 χώραὲν
1384 1575 1446 1614 και)

257 1631 322 1675 τὴν
346 1630 483 1675 γένεσιν
508 1640 697 1669 recenset.
752 1630 978 1669 PLA'roms
1017 1627 1178 1668 demum
1214 1630 1447 1683 interpretes

256 1698 373 1750 magis
399 1688 608 1753 perspicue
621 1726 633 1746 ,
678 1697 772 1738 licet
798 1697 993 1739 verissime
1006 1726 1019 1747 ‚
1059 1698 1184 1737 Deum
1197 1725 1210 1747 ,
1246 1698 1446 1738 Materiam

256 1765 404 1815 Ideam,
434 1767 508 1806 tria
534 1765 667 1805 dixere
693 1765 902 1820 principia.
931 1783 981 1793 ·-
1008 1764 1188 1805 Tandem
1201 1766 1445 1817 observetur,

258 1834 370 1892 quod
382 1833 529 1876 dicitur
545 1836 587 1875 in
604 1834 735 1876 libello
752 1836 803 1875 de
816 1835 968 1875 Mundi
981 1836 1122 1876 anima
1135 1851 1151 1875 .-
1178 1836 1445 1885 ποταγορεύοντι

257 1906 295 1947 δὲ
327 1906 397 1946 τὰν
429 1903 547 1953 ὅλοιν,
573 1905 679 1945 τόπον
702 1905 764 1944 καὶ
793 1906 925 1954 χώραν.
979 1905 1290 1944 ARISTOTELES
1318 1915 1446 1944 autem

259 1976 375 2030 Phys.
392 1975 457 2018 IV.
472 1988 508 2016 2.
523 1975 716 2026 observat,
734 1975 980 2016 szromm
997 1975 1101 2015 hanc
1112 1967 1341 2016 sententiam
1356 1976 1443 2030 pri-

259 2060 365 2085 mum
391 2044 609 2098 protulisse.
655 2043 766 2085 Idem
793 2056 950 2085 testatur
977 2060 1133 2101 quoque
1148 2046 1280 2085 PLU'r.
1294 2044 1345 2084 de
1362 2044 1444 2084 Def-

258 2115 378 2154 Orac.
406 2128 447 2169 p.
473 2115 564 2156 415.
606 2112 714 2154 Idem
740 2112 1048 2155 Amsromms
1075 2128 1148 2154 nos
1174 2112 1324 2163 edocet,
1354 2123 1443 2153 ante

256 2179 508 2222 Pmronnu
535 2182 731 2221 neminem
759 2192 911 2237 tempus
940 2186 1114 2223 creatum
1140 2180 1292 2234 dixisse.
1356 2182 1441 2222 '1¹1-

258 2262 408 2292 nanus
449 2261 579 2291 tamen
616 2251 759 2291 Locrus
804 2249 906 2291 hanc
950 2261 1146 2304 tamquam
1186 2261 1319 2292 notam
1354 2251 1445 2291 citat

259 2320 501 2360 sententiam.

315 2387 385 2427 His
424 2387 604 2428 omnibus
641 2384 917 2427 animadversis
931 2417 943 2436 ‚
987 2385 1094 2427 nulla
1119 2387 1202 2427 fere
1236 2385 1444 2431 dubitandi

261 2455 356 2496 mihi
382 2467 558 2510 superest
569 2457 681 2506 ratio,
700 2457 796 2512 quin
815 2454 966 2496 libellus
986 2455 1037 2495 de
1052 2456 1203 2497 Mundi
1218 2456 1358 2495 anima
1374 2468 1439 2495 se-

263 2524 436 2567 cundum
445 2526 668 2568 Psi-roms
686 2528 902 2569 Timaeum
908 2527 955 2569 sit
967 2526 1211 2582 compositus·
1223 2527 1442 2575 Caeterum,
