1700 3064
759 263 1000 301 —128—

280 395 382 434 seat,
410 385 511 424 Deos
536 394 613 420 non
640 382 825 419 censeat?
869 381 1040 421 Perinde
1051 382 1095 421 id
1114 383 1322 425 absurdum
1335 383 1454 433 foret,

281 468 329 493 ac
367 453 401 492 si
437 451 522 505 quis
562 452 764 505 equorum
792 447 1024 500 hinnuloss
1047 460 1088 489 et
1114 454 1307 497 asinorum
1334 453 1454 493 mulos

279 536 358 563 esse
384 517 538 565 credat,
567 531 689 571 equos
718 528 847 557 autem
872 528 913 557 et
938 518 1060 557 asinos
1088 533 1203 570 neget
1232 526 1303 577 (ι).

330 589 410 629 Nec
437 584 718 641 obstat,xquod
745 587 892 641 saepius
918 588 969 626 ita
994 585 1168 641 loquitur
1194 590 1345 633 PLATO
1362 622 1375 642 ,
1415 602 1457 631 ut

277 657 413 711 eodem
439 656 529 696 loco
558 669 751 695 summum
777 666 896 709 atque
924 655 1127 696 inferiores
1152 659 1252 697 Deos
1276 660 1352 714 ipsi
1381 662 1455 701 ha-

275 728 376 767 bitos
404 727 516 766 fuisse
532 756 544 776 ‚
573 724 756 765 arbitrari
784 726 870 779 quis
899 726 1032 779 possit.
1078 726 1323 782 Populariter
1349 729 1392 769 id
1419 741 1459 770 et

273 811 295 837 e
333 795 444 837 solito
485 792 678 850 loquendi
713 808 820 835 more
849 793 1000 834 dictum
1028 806 1098 836 est.
1152 793 1289 852 Neque
1314 798 1455 845 etiam,

274 868 348 905 nisi
388 865 478 905 data
517 864 638 918 opera
685 862 735 903 de
766 864 846 903 Diis
873 875 1022 915 ageret,
1063 879 1103 904 se
1131 880 1283 921 semper
1308 869 1458 921 patriae

271 934 475 985 religionis*
494 934 795 987 vituperatorem
822 934 1014 987 praebere
1041 934 1170 975 voluit.
1214 934 1336 989 Quod
1350 950 1453 990 pru-

271 1003 412 1043 denter
453 1002 508 1042 ita
549 1003 726 1042 instituit.
780 1002 954 1041 Caveant
991 1017 1125 1042 omnes
1142 1034 1154 1055 ‚
1202 1005 1268 1059 qui
1305 1002 1455 1059 populo

271 1072 394 1114 velint
420 1070 576 1111 demere
605 1084 761 1110 errores
788 1070 864 1124 ipsi
892 1072 1101 1112 carissimos
1116 1101 1128 1121 ‚
1156 1087 1207 1111 ne
1234 1073 1352 1112 nimia
1381 1087 1455 1112 au-

272 1141 384 1182 dacia
412 1151 452 1180 et
478 1140 724 1179 fessinatione
748 1138 964 1178 inconsulta
992 1139 1146 1180 infestos
1173 1142 1248 1180 sibi
1275 1144 1459 1181 continuo

271 1210 448 1250 homines
486 1206 669 1255 reddant.
722 1206 804 1245 Nae
841 1220 923 1245 rem
961 1205 1153 1260 perdant!
1211 1207 1311 1261 Quis
1337 1223 1458 1263 porro

271 1293 316 1317 ex
352 1290 424 1324 e0,
469 1273 576 1330 quod
604 1274 754 1328 ubique
783 1274 905 1323 Deos,
949 1288 1048 1327 quos
1074 1274 1302 1325 rejiciebat,
1343 1290 1454 1315 eom-

271 1345 390 1401 pellet
404 1376 416 1395 ,
454 1345 626 1383 Deorum
663 1341 816 1382 veniam
859 1355 904 1380 ac
944 1341 1101 1393 gratiam
1139 1342 1346 1398 imploret,
1386 1344 1457 1384 ubi

224 1427 229 1432 ⁴
272 1412 546 1471 philosophari
587 1408 811 1450 exordiatur
826 1439 839 1458 ,
896 1409 1005 1463 quis,
1056 1410 1218 1464 inquam
1232 1441 1244 1459 ‚
1287 1426 1335 1451 ex
1380 1412 1457 1452 hoc

275 1482 472 1523 conficere
499 1479 587 1521 velit
603 1509 615 1529 ‚
659 1493 794 1518 revera
821 1475 1020 1527 adorasse,
1049 1488 1091 1518 et
1116 1477 1256 1519 divinis
1284 1479 1453 1520 honori-

247 1554 347 1599 'bus
406 1550 543 1601 dignos
591 1548 778 1587 censuisse
817 1546 931 1586 fictos
969 1545 1058 1587 illos
1093 1548 1230 1589 Deos?
1303 1549 1456 1600 Ergone

271 1631 424 1660 nostros
450 1624 605 1673 poetas,
643 1617 773 1666 JoviS‚
814 1614 1037 1670 Apollinis,
1066 1616 1265 1656 Musarum
1294 1616 1456 1658 cultores

269 1692 466 1741 dicamus,
510 1688 619 1745 quod
651 1689 774 1727 ubivis
802 1688 845 1725 in
873 1688 1131 1728 carminibus:
1189 1706 1210 1730 «
1233 1689 1293 1727 Te
1319 1689 1455 1730 Jovem

270 1760 460 1817 compello
478 1760 523 1808 3⁹⁹
561 1777 581 1799 «
603 1756 719 1807 adsis,
746 1756 921 1805 Phoebe,
942 1770 1083 1810 precor
1097 1756 1142 1806 ;’'
1172 1757 1342 1806 «Musa,
1370 1757 1453 1797 fave

268 1839 405 1888 poetae
423 1830 466 1878 ‚’'
515 1827 741 1867 clamitent?
813 1824 966 1865 Deinde
1014 1839 1101 1865 cum
1153 1825 1455 1866 Atheniensibus

269 1900 497 1954 plerumque
523 1896 727 1947 juvenibus
741 1926 752 1945 ,
781 1904 845 1934 aut
874 1894 967 1934 viris
995 1894 1240 1950 principibus
1253 1894 1455 1950 disputans

269 1970 417 2009 Puro
435 1999 445 2017 ‚
471 1967 641 2018 magistri
667 1975 807 2005 sortem
836 1964 1079 2019 respiciebat.
1122 1964 1230 2019 Quin
1242 1966 1319 2005 imo
1335 1966 1453 2005 PRO-

271 2048 489 2080 TAGORAM
513 2035 720 2088 sophistam
736 2065 747 2083 ‚
780 2032 853 2084 (et,
880 2044 1025 2087 quanta
1053 2034 1169 2074 fuerit
1195 2034 1456 2088 sophistarum

268 2105 375 2163 apud
400 2103 655 2146 Athenienses
680 2094 932 2152 existimatio,
971 2103 1160 2155 constat),
1197 2102 1259 2143 vel
1274 2103 1452 2142 PROTA-

270 2188 424 2217 GORAM
470 2164 685 2228 sophistam
726 2171 1020 2211 Atheniensium
1061 2173 1167 2223 jussu
1205 2171 1305 2210 urbe
1341 2181 1454 2226 atque

270 2261 362 2297 agro
406 2243 713 2284 exterminatum
752 2240 950 2290 novimus,
991 2251 1031 2280 et
1055 2240 1176 2280 libros
1199 2239 1241 2279 ¹in
1269 2241 1454 2280 concione

270 2315 486 2355 combustos
502 2344 512 2363 ,
558 2312 602 2351 in
640 2308 784 2364 quibus
811 2308 866 2347 sic
890 2318 1097 2363 posuerat:
1141 2306 1191 2347 de
1219 2309 1300 2349 Diis
1324 2323 1453 2365 neque

268 2394 312 2422 ut
340 2384 437 2425 sint.
477 2394 604 2436 neque
642 2388 684 2417 ut
715 2391 797 2416 non
823 2376 925 2425 sint,
958 2376 1081 2417 habeo
1111 2376 1238 2417 dicere
1262 2378 1335 2431 (2).
1368 2379 1452 2418 Ae-

279 2458 366 2526 ῆι)
389 2483 528 2514 Avomo.
550 2481 600 2514 26.
623 2480 658 2515 E.
681 2491 733 2524 27.
755 2480 793 2513 Ε.

314 2540 366 2582 (2)
388 2540 454 2572 cxc.
478 2540 547 2571 Nat.
569 2538 610 2571 D.
632 2538 658 2569 1.
683 2538 733 2580 73.
