1700 3064
731 290 972 330 —15’2—

260 412 299 451 vi
325 411 395 452 sua
424 411 522 464 (1)''.
550 432 598 442 —
624 425 645 451 ι
666 407 928 465 Quaecunque
955 406 1059 448 voles
1083 408 1140 450 iili
1154 411 1312 452 nomina
1328 422 1426 464 pro-

260 481 349 534 prie
387 477 560 533 aptabis,
606 478 674 518 vin
710 477 877 533 aliquam
918 476 1174 531 effectumque
1218 477 1428 519 caelestium

258 562 390 587 rerum
423 546 675 585 continentia.
733 547 813 586 Tot
849 545 1123 601 appellationes
1162 547 1245 596 eius
1268 555 1431 601 possunt

259 632 361 666 esse,
389 626 490 671 quot
515 630 677 655 munera
688 617 715 666 f'
745 617 817 670 (2).
848 641 895 649 --
922 634 945 658 ((
964 613 1074 669 Quid
1090 625 1148 654 est
1159 615 1294 655 Deus?
1320 617 1431 656 Mens

259 685 439 725 universi.
489 683 597 738 Quid
635 694 693 724 est
725 685 857 725 Deus?
911 682 1035 738 Quod
1073 681 1181 724 vides
1207 690 1363 732 totum,
1393 694 1432 723 et

256 753 366 808 quod
401 768 483 793 non
522 752 627 794 vides
655 764 789 793 totum.
840 752 905 792 Sic
926 752 1082 792 demum
1111 750 1339 804 magnitudo
1364 765 1433 790 sua

253 821 312 862 iili
350 820 553 873 redditur,
589 821 667 876 qua
694 820 794 861 nihil
825 823 947 875 majus
971 821 1175 875 excogitari
1199 829 1335 876 potest.
1390 818 1433 860 si

253 893 355 934 solus
377 904 435 933 est
457 893 584 933 omnia
596 921 609 943 ‚
636 909 733 948 opus
747 909 855 934 suum
871 905 910 934 et
926 905 1034 934 extra
1047 905 1087 933 et
1101 895 1201 934 intra
1211 891 1343 933 tenet”
1358 891 1431 945 (3).

308 960 447 1000 Talem
474 959 660 1001 describit
683 961 940 1014 Tragicorum
957 962 1141 1018 princeps
1157 961 1429 1003 SOPHOCLEst

353 1031 420 1071 Ἐν
442 1035 524 1075 ταῖς
549 1030 768 1076 cimbalum-m
789 1029 843 1075 εἷς
868 1032 963 1080 ἐστιν
986 1033 1083 1080 θεὸς,

346 1096 421 1143 ⁶01,-
448 1096 586 1147 οὐρανόν
608 1096 644 1137 τ’
658 1097 779 1146 ἔτευξε
804 1097 866 1137 καὶ
891 1103 1006 1145 γαῖαν
1028 1099 1172 1148 μακράν
1185 1125 1200 1147 ,

349 1166 484 1206 Πόντου
502 1180 544 1205 τε
564 1165 724 1215 χαροπὸν
749 1163 877 1213 οἶδμα,
905 1166 1066 1214 κάνέμων
1090 1166 1179 1213 βίας
1206 1165 1277 1219 (4).

303 1251 325 1276 «
345 1234 404 1272 De
420 1233 551 1281 hoc,'’
578 1232 673 1273 dicit
685 1229 909 1273 Mixmus'
923 1235 1095 1274 'I'Ymus
1115 1252 1134 1274 ι.
1156 1234 1197 1272 in
1215 1233 1322 1273 omni
1337 1232 1429 1285 opi-

249 1302 413 1343 nionum
450 1302 634 1344 varietate
670 1317 715 1342 ac
744 1304 992 1344 contentione
1008 1334 1021 1355 ‚
1063 1303 1213 1359 ubique
1240 1313 1433 1343 terrarum

246 1370 347 1424 leges
373 1383 489 1426 atque
517 1372 726 1413 sententias
754 1373 965 1419 convenire
992 1388 1126 1413 cernes
1140 1404 1153 1424 ,
1188 1371 1331 1416 ὅτιθεὸς
1358 1370 1431 1419 εἷς,

248 1439 390 1479 πάντων
411 1438 590 1485 βασιλεὺς
607 1432 671 1477 καὶ
694 1438 837 1487 πατὴρ,
861 1439 922 1478 καὶ
936 1438 1002 1479 θεοὶ
1014 1440 1156 1486 πολλοὶ,
1183 1440 1258 1480 θεοῦ
1269 1441 1399 1483 παῖδες
1414 1466 1429 1487 ,

249 1504 484 1553 συνάρχονπες
509 1504 585 1553 θεῷ.
638 1503 687 1543 Ι11
715 1519 762 1545 eo
791 1505 965 1546 Graecus
994 1521 1084 1546 cum
1109 1507 1301 1557 barbaro,
1341 1520 1429 1546 me-

250 1572 494 1611 diterraneus
537 1585 627 1611 cum
669 1572 873 1623 insulano,
917 1574 1072 1628 sapiens
1115 1574 1306 1614 consentit
1344 1588 1432 1614 cum

247 1639 381 1681 stulto.
425 1640 507 1680 Nec
535 1640 687 1680 PLATO
714 1639 822 1680 hisce
850 1640 1002 1682 diversa
1023 1641 1216 1692 decrevit,
1246 1653 1310 1682 aut
1327 1657 1429 1683 con-

246 1710 380 1749 trarias
418 1708 520 1759 leges
559 1706 649 1746 tulit
678 1706 750 1760 (5).
780 1728 831 1737 —
857 1709 939 1748 Nos
967 1711 1091 1750 varios
1119 1705 1281 1748 dicimus
1303 1711 1431 1761 Deos,

245 1792 417 1834 quorum
444 1787 576 1817 tamen
602 1776 673 1825 μΙα
698 1775 766 1821 μὲν
788 1775 961 1831 ἧῆφύσις,
988 1777 1114 1818 πολλοὶ
1134 1777 1171 1818 δὲ
1189 1777 1240 1817 τὰ
1252 1776 1426 1826 ὀνόματα.

245 1849 335 1887 Ὑπὸ
360 1848 433 1895 γάρ
450 1847 609 1893 ἀμαθίας
636 1847 777 1892 αὐτῶν,
802 1846 871 1889 τοὶς
893 1846 1071 1895 ὠφελείας
1096 1846 1164 1890 τοὶς
1176 1847 1429 1887 ἕαυτῶν·ἕκάσ-

247 1930 318 1960 τοις
357 1915 642 1965 ἐπονομάζομεν,
679 1912 805 1959 ἄλλοις
837 1912 936 1960 άλλη
974 1919 1098 1960 κλῆσις
1135 1915 1232 1962 θεοῦ,
1269 1915 1430 1968 καθάπερ

247 1983 310 2023 καὶ
332 1984 381 2021 τα
399 1983 485 2031 μέρη
509 1988 573 2028 τῆς
596 1983 804 2030 θαλάττης,
827 1984 979 2029 Αἰγαῖον
998 1986 1126 2030 τοῦτο,
1159 1982 1274 2023 Ἰόνιον
1294 1985 1426 2034 ἐκεῖνο,

246 2055 416 2101 Μυρτῶον
451 2050 567 2098 ἄλλο,
609 2057 781 2101 Κρηταῖον
803 2051 923 2099 ἄλλο,
966 2054 986 2098 ἧ
1017 2053 1048 2093 δ’
1061 2053 1140 2092 ἐστὶ
1164 2054 1236 2102 μία
1257 2054 1428 2102 ὁμογενὴς

245 2120 307 2160 καὶ
344 2119 528 2168 ὁμοπαθὴς
554 2120 614 2157 καὶ
635 2106 918 2170 συγκεκοαμένη.
969 2120 1073 2162 Οὕτω
1096 2122 1158 2162 καὶ
1183 2121 1364 2167 τάγαθὸν,
1393 2120 1429 2161 ἓν

243 2184 287 2230 ἢν
311 2188 373 2228 καὶ
395 2186 509 2237 ὅμοιον
532 2188 653 2237 αὐτῷ,
683 2189 742 2228 καὶ
765 2189 838 2228 ἴσον
858 2190 1045 2236 πάντοθεν,
1069 2190 1137 2231 ὑπὸ
1162 2189 1342 2235 άσθὲνείας
1364 2195 1427 2236 τῆς

287 2307 339 2349 (1)
360 2307 428 2341 Nat.
450 2306 573 2347 Quaest.
595 2306 637 2341 11.
661 2308 733 2349 7¹5.
755 2317 838 2349 seqq.

288 2362 341 2404 (α)
362 2363 410 2394 De
430 2362 535 2394 Benef.
557 2362 613 2396 IV.
636 2363 711 2396 511.
732 2373 814 2405 seqq.

286 2418 339 2461 (5)
362 2417 431 2451 Nat.
453 2419 576 2457 Quaest.
597 2418 721 2460 1.‚682.

285 2474 339 2518 (4)
359 2474 447 2517 Apud
467 2474 572 2510 Casu.
594 2477 702 2509 Anax.
721 2475 876 2518 Protrept.
901 2476 951 2511 56.
972 2476 1082 2511 Strom.
1105 2476 1142 2511 V.
1164 2476 1235 2518 440.

285 2530 335 2572 (5)
355 2531 447 2563 Mu.
472 2530 556 2564 Tra.
578 2530 705 2565 Dissert.
728 2530 822 2565 XVII.
846 2533 877 2565 5.
