1700 3064
766 261 980 300 —44—

285 379 526 430 laudantur,
555 389 694 433 utpote
715 391 871 434 semper
894 377 1056 428 eadem3
1081 375 1288 421 noenum
1302 387 1361 422 est
1371 379 1432 435 (ι)
1442 386 1463 431 3'

289 445 385 500 ejus¹
401 450 478 491 vim
502 457 541 488 et
565 445 691 487 ideam
707 447 895 501 expressit
910 458 1081 486 summus
1094 446 1239 501 Opifix'
1253 450 1297 491 in
1314 448 1463 489 mundo

287 529 438 566 creato,
480 517 549 572 qui
587 531 633 557 eo
673 517 758 571 ipso
791 517 1072 571 pulcherrimus
1094 518 1242 577 astitit
1266 520 1338 574 (2).
1392 519 1463 559 Est

286 586 480 636 animans,
509 586 714 639 omniaque
741 585 949 633 animantia
963 617 975 637 ,
1003 595 1196 641 quotquot
1221 598 1354 627 mente
1365 602 1461 643 per-

288 654 498 709 cipiantur,
517 653 812 709 complectitur3
832 655 1049 695 absolutum
1063 652 1158 695 adeo
1173 654 1472 745 perfectumque

287 732 412 762 totum
440 721 512 775 (5).

339 789 424 831 Aut
459 789 707 832 vehementer
745 803 858 840 erro,
913 800 979 832 aut
1021 789 1159 831 mundi
1200 789 1466 845 perfectissimi

286 859 440 907 Ideam‚
469 859 766 908 παραδείγματος
791 860 948 914 nomine
973 859 1159 901 indicavit
1182 860 1328 900 PLA'ro
1343 889 1355 909 ,
1397 872 1466 899 seu

259 949 263 957 =
286 928 418 982 potius
444 926 566 981 ipsam
594 927 910 981 perfectissimam
935 942 1067 969 rerum
1093 938 1270 968 naturam
1283 958 1295 979 ,
1331 939 1465 967 omnes

286 995 452 1050 perfecti
489 994 593 1035 ideas
633 997 899 1036 continentem
938 997 1117 1050 (Ideaal)
1132 1026 1144 1047 ,
1188 1011 1306 1051 quam
1343 996 1466 1036 menti

212 1068 216 1072 '
288 1074 534 1118 praesentem
560 1065 783 1104 intuebatur
794 1079 962 1104 summus
975 1066 1089 1104 Deus.
1122 1065 1298 1115 Longum
1315 1064 1378 1113 sit,-
1403 1063 1468 1103 hic

288 1130 533 1172 reconditam
559 1131 663 1170 illam
690 1131 740 1171 de
766 1130 868 1171 Ideis
894 1130 1108 1170 doctrinam
1135 1130 1225 1170 data
1251 1131 1370 1185 opera
1393 1145 1466 1170 ex-

288 1214 447 1254 ponere.
475 1199 639 1249 Vereor,
666 1214 716 1239 ne
744 1200 944 1239 Homrn
957 1199 1165 1239 immemor
1176 1200 1377 1254 praecepti
1392 1198 1466 1252 (4),

339 1266 485 1306 Sumite
511 1267 712 1314 materiam
736 1267 895 1314 vestris,
925 1268 993 1319 qui
1018 1266 1184 1306 scribitis
1199 1296 1213 1317 ‚
1245 1278 1406 1320 aequam

337 1334 518 1382 Viribus,
547 1344 588 1374 et
614 1344 758 1375 versate
781 1332 864 1384 diu,
889 1332 987 1388 quid
1011 1334 1112 1374 ferre
1138 1344 1343 1384 recusent,

341 1402 454 1454 Quid
479 1402 635 1442 valeant
661 1402 838 1441 humeri:

288 1470 400 1524 turpi
425 1469 540 1509 nimis
569 1467 747 1509 caderem
772 1467 895 1524 lapsu.
936 1468 1035 1508 Rem
1064 1478 1192 1508 tamen
1219 1469 1350 1524 paucis
1380 1467 1468 1507 satis

290 1537 485 1593 explicare
512 1553 724 1592 possumus.
766 1538 852 1577 Hoc
880 1548 988 1577 certe
1014 1538 1059 1577 in
1084 1537 1337 1577 parmenide
1365 1546 1406 1576 et
1425 1537 1469 1575 in

289 1606 399 1647 libris
440 1607 490 1646 de
519 1607 753 1660 Republica
779 1605 987 1656 docemur,
1023 1604 1133 1644 Ideas
1161 1619 1244 1644 esse
1283 1606 1333 1645 τὰ
1367 1604 1469 1649 ὄντας

285 1675 392 1720 ὄντα,
431 1686 585 1716 aeterne
627 1675 762 1716 eadem
775 1707 786 1727 ‚
833 1674 1012 1732 adeoque
1050 1675 1208 1715 rationis
1247 1685 1396 1715 tantum
1430 1674 1478 1725 vi,

289 1743 584 1799 prehendenda.
629 1745 703 1784 Eas
721 1759 800 1784 esse
819 1756 1015 1799 tamquam
1032 1743 1279 1798 exemplaria,
1300 1742 1351 1783 ad
1369 1756 1468 1796 quae

289 1828 352 1853 res
365 1843 379 1863 ,
415 1811 511 1853 dum
540 1824 746 1863 creantur,
786 1822 1095 1867 componuntur,
1139 1811 1279 1853 diserte
1308 1822 1469 1852 testatur

292 1880 533 1932 Socnarns,
561 1882 632 1937 qui
648 1883 909 1936 Panunmm
923 1911 935 1931 ,
954 1879 1121 1927 μάλιστα
1138 1880 1260 1929 ἔμοιγε
1274 1908 1288 1927 ,
1315 1880 1467 1934 inquit,

291 1949 560 1998 καταφαίνεται
591 1947 656 1990 ὦδε
693 1948 802 1999 ἔχειν·
837 1948 887 1988 τὰ
912 1947 979 1997 μὲν
1014 1947 1090 1998 εἴδη
1118 1949 1240 1987 ταῦτα
1259 1945 1374 1996 ὥσπερ
1397 1960 1470 1986 πα·

290 2017 524 2068 ραδείγματα
560 2020 703 2059 ἑστάναι
740 2021 776 2058 ἕν
810 2024 857 2068 τῇ
889 2018 1023 2068 Φύσει,
1065 2018 1115 2057 τὰ
1146 2017 1183 2057 δὲ
1208 2015 1313 2058 ἄλλα
1335 2015 1468 2059 τούτοις

289 2084 435 2126 ἐοικέναι
457 2085 520 2125 καὶ
545 2083 634 2126 εἶναι
660 2087 869 2133 ὁμοιώματα
882 2086 953 2140 (5).
994 2085 1107 2125 Idem
1133 2084 1269 2125 eadem
1298 2084 1380 2123 fere
1398 2098 1467 2123 ra-

290 2155 416 2207 tione,
456 2155 575 2206 alibi,
614 2171 704 2197 cum
744 2157 982 2197 GLAUCONE
1011 2156 1213 2210 disputans
1239 2154 1291 2194 de
1317 2152 1469 2207 optimis

333 2285 385 2327 (ι)
406 2286 482 2319 Tun.
501 2297 533 2328 p.
553 2286 608 2319 28.
632 2284 671 2319 E.
692 2301 734 2309 —
757 2293 808 2326 29.
829 2284 868 2317 A.

333 2341 386 2383 (2)
409 2353 439 2382 p.
460 2343 512 2374 28.
534 2343 572 2375 A.

334 2395 387 2439 (3)
408 2407 438 2438 p.
461 2396 512 2430 30.
534 2397 574 2431 1).
595 2396 632 2431 Ε.

333 2453 386 2495 (4)
408 2453 464 2496 Ep.
485 2452 521 2492 ad
542 2453 666 2486 Pisones
686 2464 712 2486 v.
736 2453 787 2487 58.
811 2463 890 2494 seqq.

337 2510 388 2553 (5)
411 2509 518 2543 Pina.
542 2521 604 2550 pag.
631 2510 701 2542 152.
724 2509 763 2541 D.
