1700 3064
767 283 983 325 —84—

285 401 471 445 definitio
513 404 593 442 fere
630 399 845 440 absolvitur
882 400 1097 439 PLA'rom.
1161 403 1281 458 Quod
1318 401 1493 455 egregio

288 487 448 528 quoque
478 469 696 511 observavit
721 469 922 516 CICERO,
957 464 1070 521 'apud
1099 475 1218 523 quem
1244 473 1462 515 VELLEJUS

285 560 306 583 «
328 540 510 595 opificem
540 535 905 592 aedificatoremque
932 534 1074 576 Mundi
1102 535 1273 578 Platonis
1299 541 1423 580 Deum
1437 538 1464 557 '’

287 609 383 649 dicit
412 608 485 661 (1).
526 607 611 646 Hoc
638 607 752 646 etiam
770 606 929 646 nomina
946 604 1151 655 indicant,
1181 607 1325 660 quibus
1342 610 1466 649 Deum
1522 605 1525 607 ⁴

284 694 307 716 a
354 677 510 717 caeteris
554 676 735 716 omnibus
772 676 916 715 naturis
950 674 1150 726 distinguit
1178 674 1343 714 PLA’ro.
1397 676 1467 716 Ille

283 744 394 785 audit
431 747 673 793 Δημιοῦργος,
710 744 856 789 Aia-104,
890 744 1063 789 Ποιητής,
1099 741 1238 791 Ποία-ηρ.
1292 743 1466 783 Minores

281 813 347 853 Dii
380 822 511 853 omnes
547 812 617 852 θεοί
654 822 853 853 vocantur.
909 812 981 851 Hic
1004 822 1132 851 autem
1157 808 1465 862 observandum,

280 883 399 921 varias
425 896 505 921 esse
534 882 636 922 vocis
663 882 738 926 θεὸς
764 879 870 935 apud
884 882 1128 921 PLATONEM
1146 879 1461 932 significationes.

281 950 327 988 Ὀ
356 950 430 994 θεὸς
465 960 572 989 notat
608 951 733 989 Deum
756 964 973 998 summum,
1010 963 1145 989 rerum
1171 948 1345 994 omnium
1367 962 1464 987 auc-

281 1028 436 1075 torem3
462 1017 529 1059 θεοὶ
560 1017 795 1074 plerumque
822 1017 1083 1059 dicunturDii
1101 1018 1150 1058 ab
1164 1016 1229 1058 illo
1240 1017 1368 1070 geniti,
1395 1017 1465 1073 qui

281 1087 485 1126 creationis
517 1097 559 1126 et
594 1087 884 1138 gubernationis
913 1087 989 1140 ipsi
1012 1095 1104 1125 ‘sunt
1131 1086 1344 1126 administri
1358 1114 1371 1136 ‚
1397 1086 1464 1126 Si-

279 1153 398 1204 dera,
427 1153 583 1206 Tellus,
611 1153 702 1204 Sol,
732 1154 866 1204 Luna3
901 1167 990 1193 cum
1016 1164 1144 1195 autem
1162 1153 1461 1211 Munduquuo-

278 1236 376 1276 que,
402 1222 480 1261 hoc
508 1236 639 1261 rerum
662 1223 911 1270 uuiversum,
951 1222 1025 1265 θεὸς
1047 1232 1228 1272 vocatur,
1255 1225 1339 1273 ejus
1366 1223 1464 1278 pul-

277 1290 498 1341 cherrima,
524 1291 670 1344 optima
697 1299 858 1340 natura,
893 1299 1120 1344 spectatur3
1166 1288 1377 1331 attenditur
1413 1290 1475 1331 ad'

279 1360 476 1407 animum3
510 1357 562 1397 ad
598 1351 738 1411 corpus
760 1359 809 1397 ab
833 1358 919 1411 ipso
944 1369 1097 1397 auctore
1124 1373 1273 1399 summo
1299 1374 1464 1414 compo-

277 1427 410 1474 situm,
427 1436 640 1476 aeternum,
656 1425 877 1481 omniaque,
898 1423 1028 1465 divina
1041 1427 1169 1473 etiam,
1188 1427 1464 1482 complectens.

339 1493 521 1534 Auctoris
547 1505 674 1533 autem
687 1494 840 1533 notioni
853 1492 918 1534 illa
930 1493 1010 1533 sere
1033 1493 1192 1536 additur
1206 1511 1226 1535 a
1242 1497 1463 1545 PLATONE,

278 1576 357 1618 qua
376 1563 482 1602 Deus
511 1576 680 1602 summus
708 1562 828 1602 Mens
854 1560 1002 1602 dicitur
1017 1563 1170 1604 ratione
1184 1566 1330 1620 optima
1340 1580 1460 1621 prae-

277 1631 370 1671 dita.
425 1632 492 1672 Sic
528 1633 601 1683 iis,
652 1647 752 1687 quae
792 1634 834 1672 in
874 1633 1037 1687 Cratylo
1078 1633 1129 1674 de
1169 1636 1291 1675 Jovis.
1308 1637 1462 1675 nomine

274 1699 374 1740 dixit
389 1729 401 1750 ‚
439 1700 549 1740 addit
572 1700 645 1739 alia
666 1700 717 1740 de
745 1702 865 1754 ipsius
895 1701 1039 1752 origine
1060 1720 1071 1742 a
1102 1706 1236 1742 Τοῦτον
1261 1704 1313 1750 δὲ,
1342 1705 1465 1753 Κρόνου

276 1770 368 1819 υἱὸν,
405 1768 493 1810 εἶναι
525 1770 726 1819 ὑβριστικὸν
756 1770 824 1819 μὲν
854 1769 898 1811 ἄν
923 1785 986 1811 τινι
1016 1771 1141 1819 δόξειεν
1162 1771 1251 1813 εἶναι
1272 1773 1463 1815 ἀκούσαντι

276 1840 464 1888 ἐξαίφνης·
481 1840 628 1886 εὔλογον
640 1840 691 1882 δὲ,
707 1838 878 1887 μεγάλης
889 1840 979 1883 τινὸς
994 1840 1145 1884 διανοίας
1155 1840 1295 1886 ἔκγονον
1306 1840 1393 1882 εἶναι
1405 1843 1464 1883 τὸν

278 1906 367 1945 Δία·
382 1906 484 1956 Κόρος
500 1908 574 1957 γὰρ
588 1907 647 1961 (2)
661 1908 826 1955 σημαίνει
834 1909 871 1947 οὐ
884 1909 1016 1956 παῖδα,
1026 1910 1130 1949 ἄλλα
1141 1910 1182 1950 τὸ
1193 1911 1342 1959 καθαρὸν
1354 1912 1463 1951 αὐτοῦ

280 1974 343 2014 κα)
364 1977 537 2024 ἀκήρατον
555 1980 617 2017 τοῦ
632 1980 701 2017 νοῦ.
733 1976 844 2017 Ἔστι
856 1977 893 2018 δὲ
906 1976 1003 2022 οὗτος
1017 1980 1174 2028 Οὐρανοῦ
1190 1979 1262 2024 υἱός
1281 1981 1325 2024 ὥς
1338 1979 1459 2026 λόγος·

277 2043 299 2088 ἦ
324 2041 364 2082 δὲ
389 2041 437 2082 αὖ
462 2044 498 2087 ἐς
522 2045 562 2083 τὸ
587 2045 657 2084 ἄνω
677 2045 755 2095 ὄψις
767 2049 886 2090 καλῶς
898 2045 974 2095 ἔχει
989 2049 1092 2086 τοῦτο
1108 2048 1264 2095 τοῦνομα
1274 2049 1461 2087 καλεῖσθαι

274 2110 444 2158 οὐρανία,
481 2110 595 2158 ὁρῶσα
619 2112 669 2150 τὰ.
694 2112 779 2151 ἄνω.
837 2114 952 2153 Hunc
988 2115 1121 2155 Jovem
1158 2116 1190 2154 si
1227 2116 1313 2169 quis
1337 2116 1459 2157 Croni

272 2176 396 2217 filium
420 2179 551 2218 vocari
575 2177 729 2228 audiat,
755 2193 806 2218 ne
828 2192 942 2234 putet
966 2184 1008 2221 in
1036 2184 1158 2237 ipsius
1189 2184 1457 2226 contumeliam

272 2246 350 2287 hoc
372 2248 428 2286 ita
455 2246 548 2288 dici.
603 2245 784 2288 Indicant
808 2251 936 2300 enim,
962 2265 1051 2291 eum
1079 2265 1236 2302 magnae
1256 2254 1458 2308 sapientiae

333 2416 346 2437 ι
388 2405 426 2439 N.
445 2406 486 2437 D.
510 2405 535 2439 1.
557 2406 587 2439 8.

313 2404 367 2510 {a}
404 2468 475 2510 [ες.
506 2468 647 2502 forsitan:
683 2461 804 2510 Κρόνος
824 2462 899 2510 γὰρ
923 2460 999 2501 ἔστι
1021 2461 1115 2512 κορός
1136 2466 1197 2504 τοῦ
1210 2467 1282 2513 νοῦ,
1308 2464 1400 2515 κόρος
1414 2465 1450 2505 δὲ

268 2515 447 2563 σημαίνει.
478 2522 557 2556 Caet.
