1700 3064
753 321 969 372 —95—

278 436 453 481 Postuht
475 434 593 489 iffltur
616 435 759 489 ingenii
772 433 1039 487 imbecillitas,
1065 443 1111 474 ut
1127 432 1179 474 τὰ
1203 431 1311 477 νοῆται
1333 431 1452 478 αἰσθη-
1507 423 1509 425 ’

283 510 384 550 maffia
410 516 690 559 proponantur.
728 506 830 544 Hinc
844 533 856 553 ‚
886 504 996 557 quod
1019 504 1170 558 saepius
1188 502 1241 541 ita
1259 499 1309 538 de
1323 513 1453 540 rerum

283 573 425 629 opifice
438 602 451 623 ,
477 572 649 629 loquitur
673 573 824 615 Pharo
837 601 849 622 ,
879 580 924 611 ut
947 572 1122 612 manibus
1147 570 1230 613 fere
1257 583 1345 609 eum
1361 583 1452 610 om-

284 639 349 680 nia
375 639 686 681 conformantem
712 638 871 678 diceres.

337 708 417 748 Nec
437 709 606 761 ·gravius
645 716 704 746 est
717 734 730 755 ‚
772 702 881 762 quod
914 703 1081 745 afferunt
1105 703 1212 744 haud
1235 706 1289 745 ita
1313 704 1453 761 pauei3

213 813 221 827 ,
285 776 431 817 scilicet
457 779 499 816 in
526 774 836 827 Definitionum
860 774 964 814 libro
989 774 1114 814 Deum
1141 773 1240 813 diciz
1270 776 1348 823 ζῶον
1369 772 1459 814 αἰθά-

284 857 412 886 nac-ov:
440 846 522 896 ζῶον
548 855 674 884 autem
700 844 832 885 ubivis*
850 842 952 899 apud
978 844 1226 884 PLATONEM
1243 841 1459 894 significare

283 913 451 953 animans
493 914 664 952 animum
691 923 733 953 et
759 927 899 967 corpus
924 912 1086 952 habens.
1115 937 1163 945 —
1202 913 1460 961 Verum-ante

282 981 413 1020 omnia
439 978 680 1020 monendum
705 989 764 1019 est
778 1009 791 1030 ,
819 994 901 1019 non
929 993 1012 1019 esse
1038 980 1205 1031 germani
1230 989 1272 1019 et
1295 977 1462 1020 modesti

283 1047 509 1101 interpretis
548 1062 570 1086 e
608 1048 705 1088 locis
730 1047 860 1086 dubiis
887 1058 1111 1098 argumenta
1138 1059 1296 1102 petere;
1339 1062 1462 1102 usque
1530 1085 1534 1091 ,

282 1126 414 1156 autem
446 1114 641 1157 dubitasse
671 1116 770 1157 viros
797 1114 962 1167 doctos,
994 1131 1043 1157 au
1071 1114 1351 1169 Definitiones
1375 1116 1461 1157 illae

283 1186 505 1231 PLAToms
532 1184 676 1225 nomen
703 1187 787 1236 jure
815 1201 910 1239 prae
934 1201 976 1225 se
1001 1186 1140 1226 ferant.
1180 1188 1305 1236 Dein3
1334 1188 1465 1226 verbis

283 1251 421 1294 allatis
441 1252 596 1298 additur
635 1253 717 1295 alia.
743 1255 816 1294 Dei
855 1253 1057 1306 definitio,
1094 1269 1171 1309 qua
1196 1253 1339 1294 dicitur
1362 1256 1466 1296 οὐσία

283 1325 414 1370 ἀΐδιος,
439 1327 503 1368 τῆς
528 1325 689 1369 τᾶγοιθοῦ
715 1324 857 1373 φύσεως
881 1324 994 1363 αἰτίαι.
1039 1324 1121 1363 Hac
1147 1335 1277 1363 autem
1303 1325 1462 1370 nescio,

284 1406 335 1431 an
361 1392 485 1431 omnis
513 1391 690 1445 corporis
717 1383 943 1435 exeiu'datur
969 1393 1092 1432 notio.
1132 1393 1232 1433 Utut
1259 1403 1344 1442 est,
1384 1392 1464 1433 hoc

287 1460 454 1516 probant
480 1458 613 1499 ultima
648 1459 789 1508 verba,
819 1460 902 1509 ζῶον
929 1459 994 1500 hic
1022 1470 1173 1500 tantum
1192 1463 1323 1502 vivum
1337 1462 1463 1516 quid,

287 1542 355 1568 seu
380 1527 546 1582 aliquid
571 1528 685 1581 quod
708 1542 798 1567 vere
820 1534 908 1577 eat,
936 1539 1076 1568 notare
1105 1529 1176 1583 (1).

319 1597 423 1642 ,Jam
472 1593 616 1637 diutim
672 1595 827 1647 singulis
876 1594 1104 1636 inhaesimus
1153 1595 1260 1636 locis.
1311 1597 1469 1637 Frustra

289 1676 419 1705 autem
443 1663 634 1703 >disertam
674 1664 885 1702 sententiae
913 1664 1218 1704 enuntiationem
1243 1679 1265 1702 a
1290 1665 1466 1704 PLATo-

289 1747 348 1775 NE
391 1747 573 1788 quaerere
610 1730 802 1773 videmur.
854 1731 964 1787 Quid
1005 1734 1141 1774 enim?
1178 1735 1212 1773 si
1253 1749 1332 1789 qua
1372 1733 1467 1783 alia,

288 1803 384 1841 haee
426 1810 530 1839 certe
571 1802 759 1840 sententia
800 1799 866 1840 ad.
884 1803 1030 1856 patriae
1057 1801 1253 1854 religionis
1278 1798 1319 1840 et
1345 1801 1469 1841 cultus

289 1869 412 1912 divini
438 1870 675 1911 eversionem
702 1881 788 1911 erat
815 1882 1044 1926 comparata.
1086 1870 1190 1911 Talis
1218 1881 1342 1911 autem
1363 1885 1466 1911 oon-

290 1939 366 1977 silii
405 1939 691 1993 suspicionem,
741 1939 953 1993 populique
989 1939 1288 1990 indignationem
1328 1941 1470 1979 evitare

290 1996 424 2048 m'aluit
463 2007 628 2048 PLATO.
678 2006 806 2048 Potius
845 2007 960 2059 igitur
985 2018 1063 2058 est,
1106 2018 1149 2048 ut
1176 2008 1245 2048 toti
1272 2008 1345 2049 viri
1371 2008 1469 2063 phi-

291 2075 486 2128 losophiae
500 2105 512 2125 ‚
541 2087 606 2115 aut
634 2067 715 2126 ejus
740 2074 866 2114 indoli
892 2077 1123 2115 sententiam
1141 2075 1192 2115 de
1207 2078 1289 2116 Deo
1307 2091 1471 2132 corpore

294 2158 414 2186 vacuo
440 2129 597 2195 egregiex
615 2144 824 2186 convenire
852 2143 1111 2186 ostendamus.

352 2214 538 2267 Corporis
576 2227 618 2251 ea
645 2224 702 2253 est
728 2223 864 2253 natura
890 2213 1104 2254 secundum
1131 2216 1402 2264 PLATONEE,
1429 2227 1473 2256 ut

304 2281 480 2322 sensibus
511 2282 776 2337 percipiatur3
819 2284 947 2324 Deum
969 2294 1096 2324 autem
1119 2284 1296 2325 sensibus
1321 2286 1473 2340 percipi

298 2363 437 2399 negare
461 2349 637 2399 videtur,
682 2365 769 2390 cnm
794 2353 869 2405 ipsi
896 2352 1004 2405 quasi
1032 2362 1203 2404 opponat
1228 2353 1310 2395 τοὺς
1330 2353 1473 2401 ὅροις-οὺς

299 2416 393 2462 θεούς
411 2415 482 2472 (2).
524 2419 692 2476 Corpori
717 2419 844 2464 ubivis
870 2420 1017 2467 tribuit,
1033 2419 1183 2460 PLATO
1211 2421 1288 2462 vim
1313 2421 1355 2463 in
1382 2423 1472 2463 ani-

339 2518 391 2562 (ι)
413 2519 531 2551 num.
553 2521 628 2553 4¹1.
648 2522 686 2553 A.

340 2574 392 2618 (a)
415 2574 490 2609 Tm.
513 2573 564 2616 4ο.
585 2574 625 2610 D.
646 2573 682 2609 Ε.
