1700 3064
752 292 1031 332 —82-.

271 411 384 452 'Hinc
416 427 572 467 quoque
599 409 684 448 ludi
710 419 752 447 et
777 408 963 448 solemnia
987 422 1120 462 saci-ag,
1164 414 1258 453 hinc
1281 414 1454 452 Par-rma

278 480 476 535 quondam
503 493 563 518 res
589 477 775 517 Graeciae
802 491 934 529 regere
960 476 1093 517 valuit.
1116 508 1119 512 .

329 550 461 602 Itaque
487 547 717 600 nentiquam
751 547 939 586 miramur
954 575 966 595 ‚
1001 544 1191 598 populum
1208 549 1331 588 errori
1345 548 1457 588 fuisse

275 616 498 670 addictum:
529 626 567 655 at
595 612 754 654 meliora
781 615 909 656 tamen
927 612 977 655 de
993 612 1241 667 Philosophis
1260 616 1457 671 plerisque

273 686 535 741 sperabamus.
602 684 752 724 Verum
802 698 847 723 ea
897 681 1052 724 videtur
1090 683 1228 722 mentis
1270 683 1458 724 humanae

269 755 374 794 ratio
387 783 399 804 ,
438 764 481 793 ut
519 752 672 794 veritati
709 752 827 792 semel
875 751 1046 793 detectae
1086 766 1243 793 omnem
1272 754 1461 807 praebeat

269 837 488 873 assensum,
518 820 660 862 divinis
688 832 817 862 autem
843 822 890 874 in
916 823 1032 863 rebus
1053 822 1120 862 sua
1135 832 1276 877 sponte
1289 836 1380 862 vera
1395 822 1460 863 vix

270 891 449 943 detegere
476 891 562 944 ipsa
589 890 721 931 valeat.

323 961 383 1002 Ne
408 955 541 1000 tamen
568 960 657 1013 quis
676 974 727 999 ex
744 958 805 1000 his
820 958 1053 1009 concludat,
1082 960 1280 1000 PLATONI
1300 973 1457 1014 quoque

190 1074 199 1082 χ
267 1027 318 1068 de
344 1043 426 1069 uno
454 1030 537 1068 Deo
564 1026 776 1069 disserenti
802 1028 960 1069 eosdem
985 1028 1100 1069 fuisse
1130 1027 1342 1076 adamatos,
1387 1029 1457 1082 qui

185 1117 189 1121 ·
229 1126 233 1131 -
268 1097 426 1137 caeteris
467 1089 737 1151 Philosophis‚
784 1112 947 1138 erroreS.
1014 1098 1074 1138 Eo
1115 1096 1302 1148 tendunt,
1357 1110 1456 1152 quae

158 1210 173 1221 ..
266 1165 459 1215 diximus,
489 1176 532 1204 ut
560 1176 718 1211 caveant
739 1179 900 1215 omnes,
929 1179 979 1207 ne
1006 1166 1055 1211 ab
1083 1167 1128 1204 iis
1154 1179 1195 1204 se
1220 1166 1262 1203 in
1278 1179 1455 1205 errorem

173 1237 175 1239 ’
198 1240 217 1245 ’”
266 1234 399 1288 abripi
429 1234 651 1288 patiantur,
683 1233 752 1288 qui
781 1233 904 1274 ubivis
932 1247 1040 1278 verae
1066 1233 1142 1273 hac
1165 1231 1217 1275 de
1234 1248 1278 1273 re
1294 1236 1453 1283 senten÷

263 1303 340 1341 tiae
359 1302 537 1353 vestigia,
567 1316 618 1340 ne
645 1301 773 1341 dicam
798 1312 935 1356 aperta
960 1300 1102 1342 indicia
1116 1331 1128 1352 ‚
1157 1303 1200 1341 in
1216 1302 1454 1343 Graecorum

240 1417 242 1421 ¹
265 1370 423 1426 scriptis
464 1369 774 1411 animadvertere
818 1370 935 1411 velint
949 1384 980 1423 3„
1004 1385 1103 1413 neve
1131 1372 1297 1426 optimos
1324 1386 1450 1427 quos-¹

214 1450 216 1453 ’
262 1448 422 1492 cunque
449 1439 565 1477 unius
592 1439 666 1477 Dei
699 1438 864 1477 cultores
887 1437 1140 1491 Philosopbos
1167 1439 1346 1481 meliores,
1364 1454 1449 1478 suas

126 1498 131 1500 ³
229 1506 480 1546 >sententias
516 1504 723 1554 Hebraeis,
762 1515 828 1545 aut
868 1504 1054 1559 peculiari
1096 1507 1237 1546 summi
1273 1506 1449 1547 Numinis

257 1588 382 1614 vcurae
410 1572 556 1621 debere
571 1603 583 1623 ,
613 1588 701 1613 cum
726 1573 930 1613 nonnullis
956 1574 1162 1613 somnient.

324 1642 394 1682 His
449 1642 634 1682 omnibus
684 1642 813 1696 pravis
851 1651 891 1682 et
926 1640 1205 1696 praejudicatis
1243 1642 1448 1697 opinioni-

180 1713 182 1715 ’
263 1712 337 1751 hus
378 1713 517 1760 vacui,
558 1710 629 1751 sed
668 1710 789 1750 iidem
827 1709 1005 1751 discendi
1032 1710 1193 1766 cupidi,
1222 1711 1448 1753 PLATOle

263 1780 379 1821 sociis
407 1795 479 1821 nos
506 1778 637 1820 denuo
664 1780 962 1831 immisceamus,
1002 1790 1043 1819 et
1069 1795 1091 1818 a
1116 1779 1335 1821 SocRA'rls
1364 1796 1446 1835 op·-

264 1849 350 1889 timi
376 1863 443 1888 ore
469 1848 734 1903 pendeamus:
764 1863 901 1889 verum
927 1850 999 1898 ita,
1030 1858 1076 1888 ut
1101 1863 1291 1889 memores
1307 1851 1446 1900 simus,

237 1950 240 1952 .
265 1915 374 1970 quod
399 1916 511 1956 facile
547 1915 745 1956 interdum
771 1915 1083 1961 oblivisceremur
1096 1944 1109 1965 ,
1153 1917 1346 1957 Graecum
1373 1931 1447 1956 nos

262 1982 400 2025 audire
411 1985 718 2040 philosophum3
747 1999 938 2026 memores
953 1986 1090 2038 simus,
1118 1986 1164 2027 ea
1183 1986 1315 2027 vixisse
1328 1987 1444 2029 PLA-

264 2064 422 2112 'romn
450 2064 591 2103 aetate,
630 2054 709 2109 qua
736 2055 796 2095 τὸν
819 2055 888 2103 μὲν
912 2055 1063 2101 noma-hv
1086 2055 1149 2096 xx)
1173 2055 1322 2105 Πατέρα
1340 2055 1446 2102 ,τοῦδε

261 2124 325 2164 τοῦ
352 2121 488 2166 παντὸς
515 2122 684 2163 ἀδύνατον
708 2120 748 2168 ἦν
771 2123 904 2170 λέγειν.

317 2258 440 2298 Unius
468 2258 540 2298 Dei
566 2255 747 2297 definitio
778 2257 997 2298 continetur
1023 2256 1103 2298 fere
1132 2271 1264 2297 causae
1285 2272 1440 2300 rerum·

256 2340 340 2381 *que
367 2329 532 2368 auctoris
558 2328 731 2368 notione.
787 2326 898 2368 Hanc
924 2336 1055 2365 autem
1081 2325 1295 2366 firmissime
1323 2319 1439 2367 Pn-

199 2408 202 2411 ·
261 2406 396 2436 'roms
423 2396 544 2436 menti
570 2394 756 2436 insedisse
783 2392 974 2444 vidimus3
1005 2387 1128 2449 quare
1155 2405 1242 2449 apte
1255 2397 1437 2451 superio-

256 2465 367 2505 ribus
394 2479 492 2505 nova
518 2466 616 2505 haec
643 2466 893 2506 connectitur
909 2465 1083 2517 quaestio
1096 2493 1108 2513 ,
1140 2465 1217 2519 qua
1235 2465 1440 2520 explorare

255 2532 397 2583 decet,
425 2548 506 2588 quo
545 2534 660 2585 igitur
687 2526 845 2581 nomine
872 2532 1067 2577 diversum
1093 2533 1189 2576 adeo
1218 2550 1247 2579 a>
1266 2535 1439 2583 caeteris,
1471 2547 1479 2553 ·
