1700 3064
738 271 956 309 ...4-

312 391 362 432 In
376 391 499 432 Libro
516 391 676 444 Legum
688 387 864 438 decimo,
894 389 1199 433 A'rnnnmnsm
1213 391 1280 447 qui
1294 389 1435 431 dicitur

250 458 425 499 ῑΗῑοεΡΕε
441 459 523 512 (1),
541 460 665 499 ‘Crete
688 471 774 496 cum
788 457 949 495 CLINIA
963 467 1002 495 et
1012 470 1099 495 cum
1111 459 1435 500 Laeeedaemonio

253 528 489 576 Memno,
518 528 685 573 aestivo,
715 522 1047 579 quemadmodum
1061 524 1266 580 describit,
1293 529 1380 581 die,
1394 530 1435 568 in
1487 554 1491 561 .

249 594 480 650 ἓιιΡι-οεεειίε
506 593 766 643 Gnosiorum,
809 604 849 633 et
873 596 1005 648 spatiis
1029 593 1264 636 silvestribus
1296 601 1434 638 crebro

248 659 450 714 insistens,
480 660 679 704 interdum
693 663 943 717 acquiescens
958 662 1032 717 (2),
1060 664 1243 719 inquirit,
1270 667 1348 719 qua
1366 683 1434 706 ra-

249 732 357 770 tione
385 733 516 786 impiis
544 729 698 769 ostendi
725 733 872 783 possit,
906 731 952 775 0:54
976 732 1044 770 θεοί
1066 733 1168 771 τέἰσί
1191 731 1254 770 καὶ
1279 730 1434 780 ἁγαθοὶ,

249 800 349 847 δίκην
372 804 541 849 τιμῶντες
567 798 802 850 διαφερόντως
829 800 1011 849 ἀνθρώπων
1029 799 1100 855 (3).
1145 800 1327 841 Dicturus
1352 801 1433 841 sci—

248 868 341 907 licet
368 868 446 916 περὶ
471 868 675 916 αἰκολασζων
702 869 764 907 καὶ
792 867 922 918 ὕβρεως
936 897 950 916 ,
990 880 1031 909 et
1066 872 1235 924 primum
1277 870 1436 925 quidem

247 935 299 975 de
336 936 400 986 iis,
441 950 546 991 quae
571 937 622 981 εἰς
655 937 732 985 ἱεραὶ
765 936 982 983 γίγνωνται,
1021 936 1181 993 quando
1220 940 1308 994 quis
1334 939 1433 988 λόγῳ

244 1008 311 1044 aut
347 1005 438 1054 ἔργῳ
472 1006 565 1056 περὶ
578 1006 674 1050 θεοὺς
699 1006 854 1056 ὑβρίζει,
891 1017 1088 1061 tamquam
1127 1006 1177 1046 ad
1217 1009 1436 1089 παραμύθιον

247 1072 298 1113 ad
326 1084 504 1114 nostram
531 1073 682 1114 accedit
713 1076 990 1130 quaestionem.

307 1162 328 1187 «
348 1145 470 1184 Nemo
493 1145 627 1199 enim’'
653 1168 708 1174 —
731 1143 852 1197 (ipsa'
839 1159 921 1194 Jam
936 1145 1121 1185 vertendo
1136 1145 1301 1185 reddam
1315 1148 1431 1186 PLA-

248 1224 380 1254 ¹roms
410 1194 545 1263 verba)
572 1229 594 1253 «
616 1225 755 1261 nemo,
797 1213 892 1267 qui,
921 1213 978 1251 uti
1001 1211 1107 1263 leges
1133 1214 1294 1263 jubent,
1330 1214 1433 1253 Deos

245 1296 323 1323 esse
363 1279 597 1333 crediderit,
642 1280 807 1335 impium
848 1279 945 1335 quid
986 1279 1151 1334 (ἀσεβὲς)
1190 1291 1330 1335 sponte
1367 1295 1434 1320 sua

244 1351 554 1406 perpetraverit,
584 1359 649 1404 aut
675 1348 749 1400 legi
777 1350 972 1389 contraria
997 1348 1116 1389 verba
1142 1347 1296 1389 dixerit.
1349 1352 1430 1391 Ve-

246 1435 337 1461 rum
375 1421 452 1461 hoc
491 1419 563 1470 fit,
605 1417 768 1474 quando
811 1419 898 1474 quis
936 1417 1019 1466 vel,
1060 1419 1161 1459 Deos
1199 1433 1303 1468 esse,
1346 1434 1430 1459 non

242 1489 398 1539 credit,
435 1488 523 1537 vel,
562 1489 708 1528 etiamsi
735 1489 843 1536 sint,
880 1501 946 1526 eos
984 1501 1069 1526 non
1096 1501 1229 1526 curare
1256 1502 1319 1526 res
1348 1488 1427 1527 hu-

247 1573 378 1598 manas
405 1557 635 1607 arbitratur,
676 1555 739 1596 vel
779 1555 951 1611 denique
991 1554 1099 1595 facile
1125 1555 1271 1610 placari
1298 1568 1337 1597 et
1363 1572 1428 1596 sa-

244 1626 404 1666 orificiis
445 1627 702 1680 precibusque
739 1624 844 1663 flecti
883 1624 1041 1678 posse.’'
1072 1648 1119 1655 —
1157 1624 1247 1665 Illos
1273 1626 1429 1680 itaque,

240 1696 275 1734 οἱ
298 1694 367 1742 μὲν
391 1694 434 1733 τὸ
459 1694 633 1743 παράπαν
657 1694 753 1744 θεοὺς
781 1693 943 1740 οὐδαμῶς
968 1692 1184 1744 νομίζουσιν,
1210 1696 1300 1744 joco
1326 1708 1428 1749 quo-

245 1762 333 1803 dam
351 1765 395 1802 in
409 1762 613 1803 meliorum
632 1774 902 1818 contemptum
920 1763 1132 1815 flagitantes
1147 1763 1257 1815 fingit
1272 1763 1426 1804 ATHE-

244 1845 413 1872 mENSIS
429 1834 609 1881 Hoers,
639 1845 705 1882 ut,
734 1833 964 1888 priusquam
975 1833 1271 1884 constituantur,
1287 1834 1429 1888 quibus

245 1902 296 1942 ob
333 1902 566 1955 impietatem
584 1901 841 1957 ¹plectantur,
876 1916 1048 1957 poenae,
1076 1903 1169 1957 ipsis
1195 1900 1429 1957 persuadere

246 1981 441 2011 conentur
465 1970 728 2022 legumlatores
756 1978 799 2010 a'c
816 1971 984 2019 docere,
1014 1972 1114 2010 Deos
1127 1985 1232 2022 esse3
1263 1973 1314 2010 ita
1332 1972 1426 2025 qui-

243 2040 360 2091 dem,
391 2051 459 2089 ut,
487 2041 516 2079 εἶ
540 2040 591 2087 μὴ
613 2042 733 2088 πολλῷ
757 2041 892 2086 βελτίω
911 2043 978 2080 τῶν
997 2039 1119 2080 ἄλλων
1146 2039 1295 2094 (poetas
1318 2038 1426 2088 dicit,

243 2120 361 2160 vates,
377 2120 560 2159 oratores,
576 2108 806 2162 sacerdotes)
834 2110 911 2158 περὶ
936 2111 1016 2149 θεῶν
1041 2110 1086 2154 ὦς
1109 2110 1179 2149 εἰσ-Ι
1195 2108 1425 2164 loquantur,

244 2179 334 2219 ἀλλ’
364 2178 422 2219 οὖν
442 2180 580 2227 βελτίω
602 2194 649 2226 γε
676 2179 759 2227 πρὸς
786 2180 954 2224 ἀληθείαν
971 2179 1041 2233 (4).

300 2248 507 2301 CL1N1As,
537 2237 584 2290 ut
610 2249 739 2289 solent
766 2247 989 2302 disputandi
1013 2247 1103 2288 artis
1128 2247 1301 2301 imperiti
1325 2260 1423 2287 nec-

286 2371 339 2413 (1)
361 2372 409 2404 De
430 2383 464 2404 eo
485 2372 550 2404 vide
570 2373 602 2405 in
623 2374 806 2406 Onsnnvar.
828 2377 906 2403 nota
925 2373 961 2405 A.

285 2427 338 2470 (α)
360 2427 408 2459 cf.
431 2427 544 2464 Pnno
565 2429 634 2471 Leg.
656 2430 682 2463 Ι.
705 2428 776 2463 625.
799 2429 837 2460 A.
857 2427 923 2461 Cxc.
946 2427 1014 2467 Leg.
1037 2427 1061 2460 1.
1086 2429 1119 2460 5.

283 2483 336 2525 (3)
358 2495 390 2525 p.
413 2484 488 2525 887.
510 2486 545 2518 A.

280 2540 333 2582 (4)
353 2551 383 2582 p.
407 2540 479 2574 885.
