1700 3064
712 235 951 275 -135—

259 351 343 400 πρὸς
360 348 464 405 Υσεῦα-ὸ
497 344 560 389 καὶ
589 350 792 401 ἀγνωσίας,
825 357 906 398 ταῖς
930 352 1047 403 δόξαις
1068 351 1313 401 δικιρούμεθαε
1353 367 1423 395 nos

258 431 349 459 vero
376 418 432 473 31)
453 432 524 469 οο,
552 419 657 474 quod
669 432 862 476 praestare
872 421 997 463 solent
1011 417 1235 463 hominibus
1247 451 1259 472 ,
1277 419 1425 462 diversa

257 490 413 543 singulis
454 484 610 557 eorum,
654 506 750 548 quae
785 504 846 533 est
871 503 1001 533 nostra
1026 490 1238 545 ignorantia
1251 521 1264 542 ,
1294 493 1426 546 impo-

256 560 384 601 nim-us
406 562 572 625 nomina.
613 561 741 603 Aliter
757 560 851 601 alius
867 562 1040 602 Deorum
1057 563 1282 616 appellatur.
1311 558 1429 601 Haud

255 640 363 667 secus
399 644 516 684 quam
553 630 671 669 maris
706 638 835 683 partes
874 628 1069 681 singulae,
1110 629 1181 669 alia
1206 630 1427 681 Aegaeum,

253 697 431 738 Ionicum
457 698 567 748 alia,
581 697 653 738 alia
678 692 901 751 Myrtoum,
930 690 1137 739 Cretaeam
1163 697 1236 740 alia
1258 697 1426 747 dicitur,

255 780 343 807 cum
370 776 499 807 tamen
526 766 686 806 unicu‘m
710 765 759 806 sit
783 779 891 806 mare
918 765 1095 818 ejusdem
1109 767 1279 820 generis,
1308 774 1425 806 natu-⁴

254 844 318 876 rae
333 835 507 889 ejusdem
522 863 535 884 ,
565 834 740 890 partibus
756 836 831 877 suis
848 835 1104 877 commixtum.
1142 832 1427 876 Eodemmodo

254 906 400 945 bonum
428 897 584 958 'quoque
600 933 612 954 ,
642 902 750 959 quod
777 919 895 943 unum
921 904 1072 959 sibique
1084 903 1204 944 simile
1217 915 1256 943 et
1272 902 1430 958 aequale

254 982 311 1012 est
336 969 508 1026 undique
522 999 535 1021 ,
563 986 639 1026 pro
664 971 807 1023 ingenii
831 970 1092 1012 imbecillitate
1118 973 1268 1021 nostri,
1309 982 1428 1027 atque

253 1040 369 1094 ipsius
395 1040 491 1079 honi
517 1039 758 1091 ignorantia,
800 1041 844 1079 in
870 1040 1077 1093 opiniones>
1098 1041 1217 1079 varias
1243 1039 1428 1078 distraxi-

254 1109 368 1149 mus”
389 1108 462 1163 (ι).
502 1107 623 1158 Vide,
652 1100 841 1163 quantum
868 1121 890 1147 e
917 1108 1125 1148 PLATONE
1142 1122 1211 1148 suo
1223 1106 1432 1162 profecerit

256 1179 428 1230 egregius
469 1188 628 1228 auctor,
662 1175 882 1219 Platonicae
921 1176 1192 1232 philosophiae
1218 1178 1364 1232 pariter
1390 1187 1432 1217 et

257 1247 443 1288 dictionis
468 1245 657 1287 studiosus
682 1246 889 1301 Interpres·.
1416 1265 1419 1267 -

306 1318 360 1357 Et
399 1319 479 1368 jam
493 1335 521 1367 ,⁴
546 1330 655 1368 aegre
685 1315 774 1354 licet
788 1341 801 1363 ,
841 1315 893 1353 ab
918 1315 991 1354 hac
1019 1329 1174 1369 quoque
1200 1313 1430 1354 decedimus

254 1385 496 1438 quaestione,
537 1393 583 1421 ut
623 1382 673 1421 ad
712 1382 825 1421 aliam
863 1396 952 1421 cum
977 1383 1053 1420 hac
1078 1381 1189 1422 valde
1215 1396 1426 1422 connexam

254 1449 548 1507 progrediamur
560 1467 571 1489 z
591 1464 691 1505 quae
703 1460 759 1490 est
771 1480 783 1501 ,
797 1448 846 1489 de
867 1448 1143 1499 Deisummi,
1160 1450 1284 1490 unius
1303 1465 1426 1501 cura,

256 1521 341 1574 qud
363 1521 508 1574 genita
534 1517 754 1586 gubernat·

305 1796 479 1839 Vidimus
503 1799 548 1836 in
575 1796 893 1837 antecedentibus
918 1797 1162 1836 PLATONEM
1183 1799 1264 1837 Deo
1276 1782 1426 1839 summo

253 1866 422 1906 tribuere
448 1865 658 1921 imperium
667 1894 695 1918 ‚‚
710 1864 799 1905 Diis
816 1864 970 1905 caeteris
996 1864 1205 1920 perfectam
1217 1866 1426 1923 obtempe-

253 1933 367 1973 randi
394 1934 610 1974 facultatem
624 1965 636 1985 ,
667 1934 746 1989 qua
768 1936 894 1973 Deum
920 1933 1138 1984 imitentur,
1167 1945 1207 1973 et
1234 1935 1429 1990 quidquid

256 2002 367 2053 jubet
381 2001 499 2055 plene
526 2012 797 2058 exsequantur.
831 2000 938 2040 Hanc
962 2001 1184 2041 Panoms
1200 2005 1432 2044 sententiam

254 2068 507 2111 recordemur
529 2084 683 2124 semper
702 2082 857 2108 necesse
869 2078 927 2107 est
938 2097 950 2117 ‚
978 2069 1048 2107 ubi
1064 2071 1306 2124 quaerimus,
1321 2086 1428 2125 qua-

254 2138 334 2179 lem
360 2138 553 2178 tribuerit·
567 2139 648 2177 Diis
675 2151 803 2177 rerum
831 2150 975 2176 curam.
1016 2127 1172 2177 Etenim
1196 2139 1251 2177 ita
1275 2152 1432 2193 semper

256 2205 408 2247 disserit
444 2205 729 2260 Philosophus,
767 2215 811 2244 ut
846 2203 955 2244 nullo
995 2203 1219 2245 discrimine
1245 2208 1431 2248 omnibus

256 2276 415 2316 omnino
444 2277 524 2317 Diis
550 2276 625 2316 hac
651 2275 694 2315 in
721 2285 833 2329 parte
850 2280 998 2330 'parem
1026 2273 1238 2316 concedere
1260 2276 1433 2319 videatur

298 2380 349 2424 (1)
370 2382 460 2414 Max.
483 2381 564 2414 Tm
585 2380 668 2414 Diss-
691 2380 817 2414 XXXIX.
839 2384 872 2415 5.
910 2380 1065 2413 Caeterum
1082 2379 1266 2423 reliquorum
1284 2381 1437 2423 interpre-

258 2445 322 2469 tum
341 2435 502 2468 sententias
522 2435 587 2467 vide
606 2436 639 2467 in
659 2436 795 2469 Onsnav.
817 2439 892 2465 noia
901 2435 942 2468 Η.
973 2434 1018 2467 De
1038 2434 1192 2477 trinitate,
1214 2447 1301 2478 quam
1321 2443 1436 2477 vocant,

261 2491 412 2525 Platonica
434 2489 619 2522 monebimus
642 2491 673 2521 in
695 2491 830 2524 Ossnxv.
853 2495 928 2520 noia
951 2491 976 2522 Ι.
