1700 3064
739 308 794 317 ...
824 287 899 339 276
927 308 981 316 .-

276 402 434 455 dicium,
461 414 501 445 et
522 404 712 457 egregium
738 405 811 445 viri
836 403 1031 453 studium,
1060 412 1104 443 ut
1117 387 1447 458 pmophiam

275 475 464 516 virtutum
488 474 588 515 foret
599 473 687 514 fons
701 474 920 514 uberrimus
933 504 945 524 ,
973 473 1138 527 optimae
1155 473 1251 514 vitae
1263 471 1446 524 magistra.

327 609 439 663 Quin
486 609 565 650 imo
617 610 693 650 hoc
739 611 991 664 pronuntiare
1029 608 1119 650 licet
1157 606 1207 648 de
1245 607 1448 658 omnibus,

276 692 374 732 quae
400 677 450 717 de
477 678 560 717 Deo
587 676 824 732 disputando
848 678 1037 718 invenisse
1052 677 1296 715 PLATONEM
1313 685 1444 714 osten-

273 746 411 788 dimus.
467 748 624 802 Optima
662 748 776 788 etiam
810 745 928 799 hujus
966 745 1021 786 rei
1047 743 1192 785 indicia
1217 741 1448 799 deprehen-

229 803 232 805 *
267 813 342 855 >det
367 815 431 854 ilie
447 845 459 865 ,
502 816 569 869 qui
596 814 687 855 data
713 820 860 870 opera,
900 814 1029 870 quales
1058 813 1201 853 fuerint
1227 811 1451 868 philosophi

273 882 324 923 de
364 883 470 923 cultu
496 884 670 924 Deorum
696 884 920 941 opiniones,
961 882 1144 937 inquirat.
1196 881 1295 921 Nam
1321 880 1448 920 subli-

272 966 353 992 mes
390 951 516 993 ubivis
556 962 598 992 et
622 953 832 993 verissimas
858 951 930 990 hae
957 964 1114 1004 quoque
1139 948 1191 989 de
1217 964 1261 989 re
1289 947 1451 1003 protulit

272 1022 480 1060 sententias
496 1037 515 1071 3-
540 1035 636 1076 quas
663 1022 766 1060 inter
793 1035 910 1061 uuam
922 1019 1303 1074 praestantissimam:
1345 1017 1450 1058 Deos

271 1079 352 1144 noni
389 1088 490 1128 dona
532 1101 597 1129 aut
622 1089 827 1139 sacrificia,
870 1087 940 1129 sed
964 1090 1134 1128 animum
1164 1098 1337 1127 sanetum
1362 1088 1447 1138 jus-

274 1168 435 1213 tumque
468 1159 662 1212 respicere
691 1157 762 1211 (i).
816 1158 1004 1197 Nostrum
1039 1166 1168 1195 autem
1195 1170 1275 1194 non
1299 1153 1450 1196 videtur

272 1224 323 1264 de
364 1225 469 1265 cultu
500 1224 570 1265 illo
602 1225 673 1265 hie
713 1239 836 1276 agere.
888 1225 971 1265 Nisi
1006 1223 1134 1278 ampla
1159 1222 1445 1277 disputatione,

270 1294 372 1333 bene
418 1293 498 1334 hoc
534 1305 798 1345 argumentum
831 1293 974 1345 exponi
1013 1293 1162 1347 nequit.
1225 1291 1448 1345 Quominus

252 1403 259 1412 ,Χ
272 1371 401 1400 autem
428 1360 595 1413 amplam
618 1360 840 1398 etiamnunc
868 1360 1025 1413 scriptis
1051 1359 1273 1410 adjiciamus
1300 1357 1444 1412 dispu-

272 1429 458 1470 tationem
473 1457 485 1478 ,
525 1427 709 1483 prohibet
732 1428 895 1469 instituti
921 1427 1046 1468 nostri
1074 1428 1197 1480 rati03
1240 1442 1338 1484 quae
1365 1442 1446 1469 non

272 1497 370 1538 adeo
395 1498 586 1551 requirit,
615 1508 884 1548 argumentum
914 1497 1028 1550 plene
1058 1497 1206 1538 absolvi
1231 1498 1325 1550 (non
1342 1499 1449 1537 enim

273 1564 374 1616 aliis,
417 1565 533 1605 nohis
576 1573 728 1603 tantum
759 1565 1021 1619 scripsimus);
1075 1579 1208 1606 verum
1248 1566 1362 1618 magis
1402 1558 1449 1607 eo

272 1633 418 1682 tendit,
450 1644 496 1672 ut
522 1632 734 1672 studiorum
756 1644 980 1673 nostrorum
1007 1635 1112 1687 quasi
1125 1633 1334 1673 reddamus
1349 1636 1447 1674 rati-

272 1714 366 1741 ones
380 1716 394 1752 3
422 1710 483 1750 et,
511 1697 704 1754 numquid
718 1714 739 1739 e
750 1700 984 1745 Litterarum
1000 1699 1128 1742 studio
1147 1701 1421 1758 profecerimus
1433 1732 1446 1753 ,

271 1780 313 1809 et
338 1768 544 1821 diligenter
568 1770 658 1808 satis
684 1784 762 1824 pro
786 1770 934 1810 viribus
957 1773 1250 1825 opportunitate
1273 1770 1447 1811 disoendi

271 1840 387 1879 simus
416 1839 501 1890 usi,
529 1838 771 1880 ostendamus
794 1839 859 1888 iis,
884 1852 1004 1894 penes
1029 1853 1125 1895 quos
1150 1840 1290 1881 harum
1314 1854 1446 1881 rerum

272 1919 333 1949 est
357 1906 554 1958 iudicium.
1128 1905 1133 1910 ’

324 1976 495 2016 Praestat
539 1974 638 2016 adeo
674 1975 739 2016 hic
764 1977 866 2017 rivos
890 1968 1079 2017 claudere.
1134 1977 1212 2032 Ipsi
1235 1977 1332 2017 mihi
1359 1991 1445 2018 sum

273 2031 474 2094 conscius,
503 2059 564 2085 me
592 2044 768 2095 dedisse,
797 2060 895 2101 quae
922 2047 1045 2100 potui.
1098 2046 1164 2086 An
1191 2054 1356 2101 prorsus
1375 2062 1443 2087 ar-

271 2124 498 2165 gumentum
535 2115 636 2154 vires
675 2115 935 2170 superaverit,
985 2113 1157 2166 judicare
1193 2129 1322 2169 meum
1361 2130 1445 2155 non

272 2192 342 2222 est.
397 2183 479 2223 Hoc
506 2182 631 2237 probe
658 2183 763 2231 scio,
788 2181 911 2223 multa
928 2181 1162 2237 desiderari3
1192 2184 1309 2225 multa
1325 2191 1444 2235 aceu-

272 2243 388 2289 ratius
415 2250 596 2301 tractari,
624 2250 760 2290 melius
787 2251 865 2291 dici
892 2252 941 2292 ab
958 2251 1039 2291 aliis
1053 2267 1178 2307 posse.
1207 2255 1349 2293 Verum
1366 2252 1446 2291 hoe

270 2330 435 2367 censeo,
471 2317 607 2357 utilem
632 2317 731 2357 mihi
759 2333 819 2357 me
846 2332 1004 2361 navasse
1029 2333 1191 2374 operam
1215 2318 1318 2358 hane
1344 2326 1446 2359 eon-

269 2386 506 2427 scribentem
533 2387 842 2444 qualemcunque
868 2387 1196 2435 dissertationem
1243 2387 1320 2428 hoc
1364 2397 1446 2427 tes-

316 2537 368 2579 (ι)
393 2539 501 2570 Am..
524 2538 565 2572 11.
587 2539 660 2580 ²⁴9-
