1700 3064
763 298 978 335 ..14—

272 416 460 463 γεγονένοιι
487 417 653 465 σώματος
675 418 780 463 ἡμῖν,
821 418 928 462 σῶμα
952 414 989 453 δὲ
1014 414 1244 463 *Beda-effluxu
1260 416 1321 457 aa}
1349 414 1451 457 {im-

271 499 327 534 ρον
347 490 471 535 ψυχῆς
495 486 671 535 ἀρχούσης
692 482 886 532 ἐρχόμενον
904 483 1008 522 κατὰ
1033 482 1153 532 Φύαιν.
1183 485 1325 540 ‘Animi
1337 487 1453 538 igmu

270 554 470 595 facultates
497 566 537 595 et
563 570 681 609 opera
707 553 1217 609 corporiSaeProprietatihus
1240 561 1355 596 erunt
1373 562 1449 595 una

272 625 466 677 tiquiora:
513 639 633 678 quare
660 625 858 663 bonorum
873 655 886 676 ‚
925 636 1170 677 pravorum,
1201 622 1453 675 pulcrorum,

271 693 442 745 turpium
470 708 581 732 causa
607 700 663 730 est
689 693 919 732 animus.-—
937 693 1100 733 Animus
1127 705 1262 745 portu,
1291 694 1360 746 qui
1385 695 1453 731 in-

270 771 327 799 est
352 762 395 799 in
422 761 599 812 singulis,
628 775 763 801 rerum
790 776 950 816 quoque
980 762 1202 801 universum
1227 759 1453 811 regere'de-

273 829 366 878 bet3
398 841 437 869 et
463 827 624 882 quidem
652 828 760 879 duo3
791 830 890 870 alter
915 830 1127 879 εὐεργέτης,
1156 830 1246 869 huie
1259 828 1457 883 oppositus

273 897 383 938 alter.
424 897 488 937 Sic
507 898 637 937 omnia
652 917 669 949 ,r
696 900 852 953 quaein
868 897 997 950 coelo,
1025 902 1159 948 terra,
1185 899 1329 939 marive
1341 908 1455 948 sunt,

269 968 417 1008 animus
456 968 544 1008 suis·
564 968 734 1008 motibus
763 968 896 1018 ducit,
939 971 1020 1023 qui⁴
1036 984 1125 1008 cum
1151 966 1457 1020 mentemfoow)

268 1050 423 1090 semper
463 1035 637 1077 divinam
665 1039 855 1092 acceperit
885 1036 967 1090 (1),
1005 1039 1060 1076 ἰιειἶ
1082 1035 1194 1075 ducit
1220 1036 1373 1084 omnia,
1415 1045 1459 1074 ut

269 1114 379 1144 recta
416 1115 458 1143 et
495 1104 619 1156 felicia
658 1106 756 1154 sint,
804 1115 940 1144 contra
981 1119 1074 1144 vero
1116 1119 1204 1143 cum
1244 1102 1458 1143 dementiae

272 1172 406 1226 (ἀνοίᾳ)
449 1172 498 1211 sit
538 1183 730 1223 cognatus.
786 1170 1019 1213 Videndum
1051 1181 1108 1210 est
1145 1170 1320 1218 ideireo,
1361 1185 1459 1210 num
1514 1210 1516 1212 .

271 1241 418 1280 animus
431 1239 494 1279 ille
504 1270 517 1289 ‚
534 1240 629 1283 coeli
644 1252 768 1281 terrae
782 1241 979 1294 marisque
999 1250 1137 1293 potens
1149 1268 1164 1290 ‚
1182 1240 1351 1288 Φρόνιμον
1360 1238 1459 1293 quid

269 1310 318 1349 sit
345 1319 462 1364 atque
487 1311 615 1360 ἀρετῆς
641 1314 784 1359 πλῆρες.
831 1308 985 1363 Quodsi
1011 1310 1139 1350 omnis
1167 1307 1264 1350 coeli
1281 1318 1329 1347 ¹et
1352 1306 1460 1348 coelo

243 1389 252 1396 ⁴
272 1379 652 1435 comprehensorum
687 1389 814 1419 motus
853 1394 897 1418 ae
937 1379 1118 1418 circuitus
1160 1379 1300 1418 mentis
1337 1377 1461 1418 motui

274 1447 406 1487 similis
435 1448 507 1497 sit,
546 1448 699 1501 patebit
713 1477 724 1497 ‚
761 1448 959 1501 optimum
973 1448 1155 1485 ⁴animum
1183 1456 1359 1485 naturam
1386 1459 1459 1483 re·-

277 1530 381 1568 gere.
420 1515 517 1554 Rem
544 1526 590 1555 ut
616 1515 690 1555 rite
719 1515 995 1565 conficiamus,
1025 1515 1075 1555 ad
1100 1516 1309 1567 imaginem
1330 1516 1461 1569 respi-

279 1599 366 1624 cere
407 1584 634 1625 tutissimum
672 1585 755 1624 erit.
811 1585 975 1624 Cuinam
1003 1586 1128 1635 *igitur
1154 1600 1175 1624 e
1203 1584 1343 1624 decem
1369 1598 1461 1624 mo-

277 1654 381 1693 tibus
407 1655 545 1693 mentis
573 1662 721 1693 motum
749 1654 915 1694 similem
928 1653 1129 1693 dicemus?
1171 1654 1232 1692 mi
1247 1667 1362 1702 sane,
1395 1653 1465 1707 qui

274 1720 382 1761 idem
422 1735 574 1776 semper
613 1721 754 1762 eodem
790 1723 834 1762 in
869 1722 960 1763 loco
999 1723 1103 1762 circa
1134 1721 1240 1762 idem
1266 1721 1463 1774 medium,

276 1788 412 1828 eadem
438 1803 591 1842 semper
618 1791 768 1829 ratione
796 1790 866 1840 fit,
907 1803 978 1829 ceu
1013 1790 1178 1844 sphaera
1204 1801 1268 1830 aut
1295 1788 1463 1829 circulus

279 1868 396 1897 torno
433 1858 631 1898 confectus
660 1857 731 1912 (2).
789 1858 869 1912 Qui
911 1869 1048 1914 contra
1086 1873 1302 1913 numquam
1331 1858 1438 1899 idem
1454 1888 1466 1909 ‚

280 1939 357 1965 nec
382 1924 515 1966 eodem
541 1926 656 1976 loco,
687 1926 761 1967 alia
786 1942 940 1981 semper
967 1929 1116 1968 ratione
1143 1934 1300 1977 movet,
1322 1940 1462 1968 amen-’-
1514 1949 1518 1953 ·

282 1994 357 2033 tiae
396 2003 454 2032 est
489 1996 694 2048 particeps,
749 1997 834 2035 Jam
874 1995 986 2036 facile
1025 2011 1161 2037 omnes
1188 1998 1464 2053 *consentieut‚

253 2097 259 2103 .
281 2061 396 2103 talem
423 2076 502 2102 esse
528 2063 591 2107 τὴν
614 2066 676 2102 τοῦ
700 2054 841 2112 οὖρᾷνοῦ
864 2066 1077 2114 περιφορὰν,
1111 2065 1231 2120 qualis
1257 2066 1305 2104 ab
1335 2065 1464 2104 animo

279 2135 508 2173 instituatur
543 2132 654 2171 omni
680 2132 817 2171 virtute
842 2132 1024 2185 praedito
1050 2135 1127 2173 sive
1155 2148 1235 2173 uno
1264 2134 1342 2171 sive
1371 2131 1464 2183 plu-

280 2203 399 2244 ribus.
467 2202 586 2242 Hunc
647 2198 819 2254 denique
858 2201 1052 2252 animum,
1110 2199 1465 2256 quomodocunque

283 2271 441 2311 tandem
481 2273 660 2311 univers-a
698 2280 873 2318 moveat,
915 2271 994 2310 sive
1035 2271 1196 2323 corpori
1227 2271 1345 2317 insit,
1389 2270 1466 2310 sive

283 2341 365 2395 ipse
395 2339 534 2396 corpus
562 2339 725 2395 adeptus
753 2353 921 2394 corpore
949 2352 1089 2398 eorpus
1117 2338 1257 2394 pellat,
1285 2340 1362 2381 sive
1384 2338 1465 2379 aliis

327 2493 380 2533 (ι)
401 2490 478 2522 Vide
499 2492 531 2522 in
551 2491 736 2524 Onsmvaw.
760 2496 838 2523 nota
860 2491 896 2525 B.
927 2491 1068 2534 quaedam
1090 2492 1126 2524 de
1148 2492 1203 2525 hoc
1224 2494 1300 2526 loco.

329 2546 380 2588 (α)
402 2545 448 2579 cf.
472 2557 500 2588 p.
525 2545 596 2587 893.
618 2545 658 2579 D.
681 2546 716 2580 E.
