1700 3064
760 300 813 311 ,-
839 277 973 318 12—

279 408 401 438 tamus
424 397 720 451 Philosophum,
748 409 916 450 eumque
937 395 1291 438 haecdelirantium
1306 397 1451 437 somnia

271 465 522 506 *refellentem
548 463 752 504 audiamus.
843 492 845 494 ·
1020 478 1024 484 ·
1049 479 1052 482 *
1106 480 1109 485 ’
1230 478 1236 499 ι

275 558 278 561 <
333 552 354 575 «
373 532 588 580 Videntur,
615 532 745 586 inquit
773 532 939 571 HosPEs
967 531 1239 581 Atheniensisff
1269 535 1352 588 qui
1368 532 1455 573 ulia

274 602 398 656 impia
412 611 453 640 et
464 601 577 641 :noxia
588 599 745 651 dicunt,
762 600 913 652 ignem,
928 609 1099 648 terram,
1115 604 1243 640 aerem
1261 613 1300 641 et
1318 611 1456 658 aquam

279 671 455 710 omnium
493 683 624 708 rerum
661 673 785 718 πρῶται
817 671 980 716 ἡγεῖσθαι
1011 666 1125 715 εἶναι,
1166 678 1206 707 et
1244 667 1458 725 haecssipsa

277 738 387 788 φύσιν
413 738 608 794 appellare
621 769 631 788 ‚
660 738 784 787 ψυχὴν
807 738 844 779 δὲ
865 740 906 779 ἐκ
927 738 1059 779 τούτων
1084 736 1235 787 ὕστερον.
1262 759 1318 770 -—
1342 738 1455 777 Insa-

279 821 352 845 nae
379 807 569 861 opinionis
596 808 675 857 jam
698 806 847 847 fontem
865 809 1053 848 cernimus
1068 807 1325 847 uberrimum.
1360 806 1459 846 Nam

279 874 388 930 quod
433 874 614 914 omnibus
652 876 783 929 prima
823 877 930 917 ortus
968 887 1007 916 et
1032 875 1210 916 interitus
1243 886 1300 915 est
1327 888 1434 914 eausa
1447 905 1458 925 ‚

278 944 358 983 hoc
400 958 486 983 non
514 944 687 998 primum
701 975 713 990 .,
758 944 827 983 sed.
853 946 1048 999 posterius
1075 945 1259 984 exstitisse
1287 953 1460 983 narrant.

279 1013 384 1052 Hinc
430 1015 475 1052 in
513 1027 605 1053 vera
644 1014 817 1053 Deorum
853 1025 988 1054 natura
1030 1025 1220 1054 errarunt.
1275 1014 1461 1053 Animum

280 1083 409 1130 enim,
431 1082 562 1135 «qualis
590 1083 661 1130 sit,
691 1082 890 1136 qualisque
918 1084 1000 1132 ejus
1029 1084 1071 1121 in
1098 1097 1231 1122 rerum
1257 1092 1347 1121 ortu
1371 1081 1462 1120 fue-

282 1149 337 1189 rit
364 1150 418 1189 vis
432 1176 444 1197 ,
488 1147 595 1203 quod
637 1151 769 1199 omnia
796 1159 885 1188 ante
915 1164 1082 1203 corpora
1108 1149 1271 1197 exstitit,
1301 1163 1461 1189 eorum-

284 1231 365 1271 que
411 1215 540 1254 mott‘is
581 1226 618 1254 et
644 1216 870 1256 mutationis
899 1217 1025 1256 omnis
1053 1227 1111 1256 est
1137 1217 1318 1266 initium,
1342 1217 1462 1268 igno-

280 1295 372 1325 rant
418 1284 541 1324 ferme
580 1284 655 1323 isti.
710 1284 821 1338 Quae
843 1295 969 1324 tamen
1000 1299 1089 1324 cum
1117 1285 1168 1324 ita
1194 1286 1295 1336 sint,
1337 1286 1466 1324 animo

282 1367 382 1408 quae
422 1354 586 1408 propria
625 1363 718 1392 sunt
754 1353 864 1402 δόξαι,
893 1350 1106 1401 ἐπὶμέλειοι,
1133 1356 1208 1397 νοῦς
1221 1381 1235 1401 ,
1263 1354 1372 1402 τέχνη
1402 1347 1466 1392 καὶ

285 1423 410 1471 νόμος,
450 1422 495 1462 iis
508 1450 521 1471 ,
551 1437 649 1478 quae
678 1424 838 1480 corpori
865 1425 1125 1473 conveniunt,
1165 1424 1295 1479 priora
1319 1423 1465 1463 fuerint

285 1505 443 1531 necesse
455 1501 526 1531 est.
554 1491 749 1545 Quocirca
763 1505 899 1543 magna
912 1503 950 1531 et
966 1493 1088 1546 prima
1101 1506 1218 1546 opera
1233 1492 1326 1531 artis
1337 1501 1464 1540 erunt,

286 1573 446 1602 naturae
472 1575 563 1601 vero
593 1575 708 1616 opera
735 1572 775 1600 et
801 1562 883 1615 ipsa
911 1570 1052 1600 natura
1078 1561 1286 1615 posteriore
1310 1559 1398 1599 loco
1428 1570 1467 1598 et

285 1632 376 1670 artis
418 1644 463 1669 ac
506 1630 645 1669 mentis
684 1630 870 1670 submissa
907 1631 1085 1691 ipperio.
1130 1630 1314 1670 Naturam
1341 1640 1467 1668 autem

283 1701 344 1738 isti
371 1698 468 1737 male
496 1697 692 1738 definiunt
719 1699 857 1745 γένεσιν
874 1699 939 1743 τὴν
951 1699 1028 1747 περὶ
1043 1700 1093 1738 τὰ
1106 1693 1251 1749 πρῶτῖαε,
1280 1699 1355 1737 nisi
1373 1698 1463 1737 ani-

282 1782 391 1807 mum
418 1767 529 1821 prius
556 1781 636 1807 esse
664 1766 795 1806 dicant
824 1766 896 1820 (1).
936 1766 1090 1807 Scilicet
1116 1766 1223 1805 nulla
1245 1781 1325 1806 esse
1341 1775 1469 1820 potest

283 1836 421 1883 1γένεσις
437 1838 583 1890 absque
600 1847 724 1885 motu,
752 1850 826 1875 nec
839 1846 965 1876 motus
978 1835 1076 1875 ullus
1090 1836 1238 1889 absque
1251 1836 1380 1875 animo
1395 1836 1468 1888 (2).

341 1904 444 1944 Haec
473 1915 670 1960 tamquam
697 1905 787 1949 θέσις
817 1915 901 1955 est,
933 1920 1047 1959 quam
1068 1903 1373 1945 adversariorum
1389 1905 1467 1943 ob-

285 1973 373 2026 jicit
408 1972 572 2027 placitiS,
612 1988 778 2029 suaeque
807 1972 950 2023 deinde
979 1974 1325 2026 argumentationi,
1362 1970 1470 2027 quod

286 2042 352 2082 Dii
388 2042 481 2092 sint,
523 2042 689 2093 subjicit.
740 2044 830 2083 Non
869 2054 997 2082 tamen
1035 2042 1156 2082 multa
1183 2043 1266 2082 sine
1295 2041 1471 2081 cautione

288 2126 376 2153 rem
414 2109 650 2164 aggreditur.
702 2129 720 2152 (ι
743 2112 804 2150 Ita
831 2112 1026 2162 agamuS‚’'
1055 2137 1111 2143 —
1151 2113 1205 2151 sic
1232 2109 1472 2164 disputantes

284 2196 417 2222 secum
458 2180 675 2235 alloquitur
717 2193 828 2219 senes
845 2209 857 2230 ‚
904 2198 924 2222 α
946 2182 1054 2235 quasi
1082 2179 1263 2235 rapidum
1295 2179 1472 2230 trajicere

288 2250 438 2290 flumen
476 2259 669 2304 oporteat.
728 2249 819 2303 Ipse
852 2262 922 2300 ego
962 2259 1057 2289 natu
1085 2251 1227 2297 minor,
1257 2247 1471 2303 multosque

290 2328 471 2372 expertus
500 2319 641 2359 fluctus
654 2350 665 2371 ,
694 2319 849 2373 primus
878 2316 1062 2356 transitus
1080 2317 1214 2357 faciam
1232 2317 1470 2371 periculum,

335 2423 387 2465 (ι)
408 2434 438 2464 p.
460 2423 532 2464 891.
555 2421 588 2454 C.
610 2439 652 2447 —-
672 2422 746 2462 89²·
768 2420 808 2453 D.

334 2478 388 2520 (2)
424 2477 471 2511 Cf.
509 2477 581 2518 894.
614 2478 651 2511 Α,
681 2476 717 2509 Β.
750 2483 780 2507 et
810 2475 918 2517 passim
948 2474 1021 2524 alibi
1051 2475 1081 2505 in
1111 2473 1252 2506 Phaedro
1282 2482 1312 2507 et
1341 2472 1473 2505 Philebo

292 2534 479 2578 praesertim.
