1700 3064
743 252 953 291 -24-

264 367 335 409 aed
356 354 501 411 mirum
523 369 685 422 accidit,
707 378 795 409 eum
806 358 1046 425 hiequoque
1058 374 1265 425 perstitisse
1278 361 1321 415 fi,
1337 374 1430 430 opi..

263 439 386 479 nione
411 440 495 488 illa,
523 439 602 493 qua
630 439 742 480 semel
769 440 914 479 animos
941 438 1027 481 illos
1042 435 1301 484 coelestes-sihi
1314 445 1429 484 effin-

207 549 213 555 ,
263 519 381 546 xerat.
418 508 503 545 Jam
524 509 630 556 enim
650 523 695 548 eo
720 522 841 563 usque
862 500 1176 564 philosophando
1195 522 1431 564 processerat

263 575 397 630 optimi
409 574 635 631 Philosophi
648 570 848 628 ingenium
861 610 874 630 ,
902 588 947 617 ut
961 580 1083 630 Deum
1095 578 1299 619 invenisset
1316 581 1432 619 animi

198 692 201 695 Δ
260 644 379 697 ipsius
421 645 607 696 originem
645 656 760 699 atque
790 655 1001 684 auctorem.
1059 644 1280 684 Dummodo
1310 641 1432 687 De'um

203 708 205 711 ’
262 709 395 752 omnia
420 728 494 770 per
512 726 558 763 ‘se
584 710 707 754 solum
731 724 919 766 agentem,
948 729 1025 754 nec
1049 715 1187 756 divinis
1199 712 1433 765 indigentem

260 781 512 834 administris,
526 793 654 831 mente
668 781 1039 839 comprehendisset,
1052 793 1188 836 sponte
1202 797 1267 821 sua
1281 796 1409 833 graves
1419 813 1431 833 ‚

263 851 404 905 quibus
442 851 555 889 etiam
577 843 698 894 'nune
736 849 987 901 adhaereret,
1028 846 1178 892 errores
1215 852 1430 903 agnovisset.

225 915 237 920 ²
260 920 464 959 Caeterum
491 919 591 960 'nova
618 933 775 971 prorsus
796 918 951 960 'ratione
981 921 1154 959 animum
1173 930 1339 974 ‘corpore
1354 934 1432 959 esse

259 983 525 1041 antiquiorem
565 986 705 1039 efficit,
747 988 853 1028 haud
897 990 951 1030 ita
967 1019 979 1040 ,
1030 1000 1074 1029 ut
1107 990 1318 1041 argumenti
1347 991 1447 1030 satis

261 1058 357 1096 certi
380 1055 471 1096 ¹loco
490 1049 597 1096 'hanc
614 1052 764 1097 'habeat
789 1052 1142 1107 ratiocinationem3
1173 1068 1433 1097 verumtamen

242 1119 349 1164 'eam
382 1135 534 1164 censeat
559 1125 881 1165 verisimilitudine
908 1140 986 1165 sese
1013 1124 1294 1165 commendare.
1337 1127 1432 1165 'De-

259 1193 450 1233 sideratur
472 1192 644 1245 denique
675 1203 966 1243 argumentum,
995 1206 1062 1231 cur
1088 1194 1191 1232 Deus
1220 1192 1322 1231 solus
1341 1193 1429 1231 ani-

192 1265 204 1273 ”
257 1275 366 1300 mum
383 1252 477 1298 dare
495 1261 654 1313 corpori
672 1259 801 1300 valeat.
830 1258 907 1300 Sed
923 1261 1093 1314 respexit
1110 1259 1269 1305 fortasse
1283 1249 1433 1298 PLATO

258 1327 310 1367 ad
337 1328 428 1368 alios
451 1342 660 1376 sermones,
686 1329 827 1382 quibus
842 1328 918 1368 hoe
932 1330 1183 1381 probaverat,
1211 1328 1260 1367 ad
1274 1327 1430 1368 doctri-

259 1411 350 1436 nam
364 1427 375 1448 ,
419 1396 573 1452 qualem
599 1398 641 1435 in
665 1397 836 1436 Timaeo
863 1398 1062 1452 exposuit,
1103 1397 1162 1438 vel
1190 1396 1239 1437 ad
1266 1398 1437 1441 omnium

260 1466 334 1505 hac
357 1467 399 1505 in
426 1480 470 1504 re
499 1480 738 1505 consensum.
1182 1470 1185 1473 '

313 1605 544 1662 SoanTEs
588 1604 680 1643 alibi
723 1620 813 1645 cum
857 1604 1130 1645 PnorAcho
1174 1603 1345 1658 disputat
1386 1602 1436 1642 de

256 1672 417 1713 Summo
454 1674 563 1712 Bono
578 1703 590 1722 ‚
635 1683 764 1712 utrum
801 1671 899 1711 illud
934 1673 984 1712 sit
1020 1663 1206 1727 Voluptas
1236 1660 1285 1710 an
1312 1674 1437 1725 potius

255 1741 475 1795 Sapientia,
504 1740 566 1780 vel
595 1740 767 1795 denique
795 1740 899 1779 aliud
922 1740 1031 1795 quid.
1072 1741 1337 1789 Constituunt,
1363 1754 1437 1778 nec

254 1810 452 1863 voluptate
468 1838 480 1856 ,
508 1823 582 1848 nec
611 1824 690 1848 una
717 1810 902 1863 sapientia
929 1808 1026 1848 illud
1056 1809 1255 1848 contineri.
1300 1807 1436 1861 Quae-

254 1887 350 1916 runt
389 1875 504 1926 adeo,
559 1887 649 1917 utra
699 1893 719 1916 a
760 1877 919 1916 Summo
971 1878 1085 1916 Bona.
1118 1877 1275 1929 propius
1313 1875 1436 1923 absit,

254 1944 497 1998 Voluptasne
524 1960 572 1983 an
600 1946 820 1999 Sapientiag,
854 1943 964 2000 quod
992 1956 1122 1984 tamen
1149 1947 1202 1983 ita
1229 1944 1298 1995 fit,
1327 1955 1371 1983 ut
1395 1943 1438 1981 in
1476 1962 1478 1964 ·

254 2014 466 2055 SoanTE
493 2012 735 2053 Socnnmt
762 2014 924 2069 amplius
952 2029 1250 2066 nonagnoscas,
1280 2023 1441 2067 prorsus

251 2097 345 2123 vero
373 2083 619 2121 PLATONEM
649 2080 788 2120 audias.
850 2082 1015 2123 Orditur
1043 2084 1148 2122 enim
1176 2082 1439 2136 quaestionem

251 2150 509 2205 Philosophus
555 2149 682 2203 ampla
710 2149 970 2190 dissertatione
999 2152 1049 2190 de
1077 2152 1215 2200 finito,
1256 2148 1436 2199 infinita,

253 2231 293 2259 et
331 2220 451 2258 mixto
491 2234 539 2258 ex
577 2230 747 2273 utroque
785 2231 914 2257 rerum
953 2234 1114 2271 genere,
1159 2233 1240 2273 quo
1283 2215 1437 2257 tandem

255 2296 437 2343 quartam
476 2287 682 2326 inveniunt
720 2297 917 2330 naturam,
962 2301 1062 2340 quae
1102 2285 1297 2324 mixtionis
1338 2279 1436 2323 illius

255 2370 364 2396 causa
391 2354 451 2393 sit.
507 2372 529 2396 «
550 2354 585 2394 A
612 2366 648 2394 te
677 2356 784 2395 enim
812 2355 1012 2411 quaero‚”
1036 2354 1182 2409 >inquit
1208 2352 1436 2406 SOCRATESV

252 2426 560 2465 Pnonacnmu
589 2424 812 2480 alloquens,
850 2444 870 2467 «
891 2439 988 2465 num
1015 2424 1169 2476 omnia,
1209 2431 1305 2483 quae
1333 2423 1439 2485 fiant,
1469 2480 1472 2481 γ
1515 2453 1525 2456 .-
