1700 3064
705 243 947 283 —115—

245 358 355 397 Hanc
383 359 481 397 Deus
508 368 702 415 tamquam
726 352 958 401 Daemonem
984 356 1124 415 cuique
1142 358 1274 409 dedit,
1301 376 1418 414 quam

245 429 287 465 in
326 428 466 469 vertice
505 431 633 483 capitis
670 431 889 470 inhabitare
914 431 1079 470 dicimus
1108 429 1227 469 animi
1253 439 1418 482 partem.

244 495 348 535 Haec
385 511 407 534 a
434 501 531 537 terra
559 497 608 537 ad
635 498 835 539 coelestem
868 500 1137 551 cognationem
1164 512 1238 553 nos
1267 496 1420 546 evehit,

245 574 382 618 utpote
420 580 534 617 genus
572 582 668 610 non,
683 577 887 618 terrestre,
927 567 994 608 sed
1022 567 1201 609 coeleste.
1234 592 1279 600 —
1309 565 1425 605 Illinc

245 634 373 684 enim,
412 634 516 673 unde
545 635 695 673 animus
722 645 828 674 ortus
856 647 935 687 est,
965 636 1098 678 divina
1124 637 1183 676 vis
1212 650 1283 675 nos
1311 635 1423 687 regit.

247 701 327 755 Qui
363 704 477 755 igitur
519 701 699 757 cupidius
740 703 937 745 affectibus
963 704 1192 757 indulgent,
1237 702 1425 744 mortales

243 785 400 825 prorsus
440 771 605 811 evadant
644 785 801 811 necesse
826 783 895 814 est.
953 774 1034 828 Qui
1060 790 1154 815 vero
1184 773 1427 824 Φιλομαθείαν

246 850 286 879 et
324 839 492 879 veritatis
530 837 703 878 studium
731 839 820 888 alit,
863 851 979 896 atque
1008 841 1237 881 immortalia
1264 839 1425 879 divina-

244 923 321 964 que
361 896 549 954 sectatur‚
602 907 669 947 hic
709 922 861 948 necesse
898 920 978 960 est,
1022 912 1224 951 veritatem
1262 918 1398 948 nactus
1412 938 1424 959 ,

244 976 561 1024 immortalitatis,
591 987 803 1029 ‘quantum
841 992 917 1032 pro
957 978 1111 1018 mortali
1149 979 1262 1018 liceat
1301 989 1424 1017 natu-

244 1046 312 1093 ra,
343 1045 536 1100 particeps
569 1044 653 1096 fiat3
684 1056 736 1095 et,
763 1045 949 1100 quoniam
979 1044 1018 1086 εὖ
1042 1045 1153 1094 μάλα
1168 1046 1427 1094 κεκοσμημένον
1449 1047 1454 1053 ’

243 1116 303 1154 τὸν
322 1115 474 1161 δαίμονα
498 1114 648 1159 ξύνοικον
671 1115 707 1153 ἐν
727 1116 825 1163 αὐτῷ
853 1115 996 1165 habet,
1024 1116 1106 1169 ipsc
1126 1129 1246 1169 quam
1262 1114 1426 1152 maxime

245 1183 419 1229 εὐδαίμων
445 1180 591 1221 evadat.
634 1182 719 1223 Una
746 1192 877 1222 autem
896 1184 1077 1223 omnibus
1096 1198 1191 1223 cura
1209 1192 1287 1233 est,
1315 1195 1427 1221 suum

242 1250 387 1290 scilicet
422 1238 562 1305 cuique
600 1249 693 1291 dare
731 1252 877 1291 victum
916 1262 955 1292 et
993 1263 1152 1292 motum.
1207 1250 1270 1290 Illi
1303 1264 1396 1291 vero
1411 1278 1425 1299 ,

242 1319 350 1373 quod
377 1320 420 1358 in
446 1321 557 1359 nobis
586 1319 763 1359 divinum
788 1331 864 1369 est,
894 1324 1045 1372 cognati
1072 1332 1162 1362 sunt
1188 1331 1316 1360 motus
1337 1319 1423 1358 cir-
1456 1373 1458 1375 Ι

242 1391 379 1437 cuitus,
400 1402 499 1442 quos
515 1389 686 1428 universi
707 1389 844 1427 mentis
863 1389 1037 1440 cogitatio
1049 1389 1226 1432 instituit.
1254 1389 1427 1442 Oportet

244 1458 362 1507 igitur
390 1470 607 1510 quemque,
636 1456 708 1495 hos
736 1466 909 1496 secutum
923 1486 936 1506 ,
967 1458 1147 1496 circuitus
1173 1456 1259 1496 illos
1286 1457 1426 1495 mentis

243 1534 423 1573 nostrae,
466 1524 661 1571 nativitate
702 1524 898 1573 turbatos,
941 1525 985 1563 in
1023 1523 1203 1564 ordinem
1230 1523 1427 1575 redigere,

244 1604 401 1633 naturae
441 1594 653 1633 observatis
693 1592 892 1632 harmonia
931 1604 971 1633 et
1011 1603 1148 1643 motu3
1192 1602 1309 1647 atque
1336 1591 1430 1632 dein

244 1663 302 1701 rei
344 1661 580 1701 intellectae>
603 1662 681 1729 yim
718 1660 997 1713 intelligentem
1035 1660 1251 1700 secundum
1284 1660 1426 1714 pristi-

244 1745 334 1769 nam
373 1741 553 1769 naturam
595 1728 837 1783 adaequare3
881 1744 959 1784 quo
995 1729 1098 1770 facto
1136 1728 1215 1769 vita
1229 1759 1241 1778 ‚
1283 1744 1305 1767 a
1344 1729 1427 1767 Diis

243 1799 357 1839 nobis
397 1797 624 1852 propositi,
666 1809 706 1837 et
744 1814 852 1838 nunc
889 1810 928 1838 et
965 1798 1008 1837 in
1042 1810 1241 1852 posterum
1269 1812 1427 1851 semper

242 1868 415 1908 fruemur
443 1866 545 1919 (ι>.”

298 1936 371 1974 Hic
398 1947 554 1988 quoque
581 1935 733 1981 δαίμονα,
759 1945 930 1988 mentem
956 1949 1091 1975 vocare
1117 1934 1294 1985 videtur,
1324 1934 1429 1974 hanc

242 2015 390 2044 tantum
430 2004 484 2043 ob
515 2017 686 2048 causam,
729 2002 838 2057 quod
864 2003 1031 2059 Provida
1059 2005 1264 2045 Daemonis
1291 2006 1428 2044 natura

243 2072 417 2128 praedita
444 2073 505 2112 sit.
545 2074 647 2112 Nam
674 2074 910 2123 Daemones,
938 2073 1118 2113 homines
1146 2074 1340 2127 Divosque
1357 2074 1425 2111 in-

244 2154 325 2188 ter,
364 2140 494 2182 adesse
523 2156 677 2182 censere
706 2141 980 2190 PLATONEM,
1016 2141 1111 2182 alibi
1137 2157 1184 2181 ex
1214 2142 1424 2181 Hospms

242 2213 369 2253 verbis
399 2213 605 2252 certissime
632 2211 782 2250 elucere
810 2222 921 2266 puto.-
971 2213 1078 2263 Dicit
1104 2213 1207 2250 enim
1237 2210 1280 2248 in
1308 2210 1424 2262 Epi-

242 2282 416 2321 nomide.
458 2300 475 2324 (ι
499 2282 589 2321 Post
614 2281 714 2320 Deos
730 2312 741 2330 ,
771 2282 840 2336 qui
867 2280 985 2320 oculis
1013 2290 1227 2320 cernuntur
1256 2277 1425 2331 (sidera,

244 2349 430 2401 caetera),
461 2364 726 2390 recenseamus
748 2350 931 2400 δαίμονας,
960 2363 1076 2400 genus
1094 2349 1253 2399 aetium,
1274 2349 1425 2389 tertiam

284 2504 332 2547 (1)
355 2503 514 2534 Tannus.
539 2511 589 2542 9⁰·
613 2501 717 2533 A-t-E.
