1700 3064
741 270 983 310 -108—

270 398 488 443 nuncupat.
535 387 678 428 HERM-
704 387 820 428 -Vere
848 387 957 427 dicis.
999 386 1131 426 Socn.
1173 388 1322 440 Ergone
1348 385 1447 437 illos,

234 514 242 523 ι
268 461 339 516 qui
380 459 486 516 apud
526 474 597 499 nos
638 459 736 499 honi
768 471 863 500 sunt
890 460 1037 515 pariter
1054 460 1170 515 ⁴aurei
1197 462 1346 511 generis
1371 472 1451 500 esse

268 527 425 568 dixisset
460 527 638 566 Poeta?
667 527 813 567 HERM.
856 529 998 567 Merito
1023 541 1123 565 sane.
1165 526 1310 567 Soon-
1355 528 1453 567 Boni

269 611 359 637 vero
372 609 465 634 num
480 594 545 634 alii
560 606 654 635 sunt
670 610 786 651 quam
803 594 1015 651 prudentes
1025 596 1045 635 ’ἐ
1064 593 1268 647 (Φρόνιμοι).
1305 595 1452 636 HERM-

266 665 389 704 Iidem
425 674 542 703 certe.
598 664 730 703 SocR.
782 667 988 704 Daemones
1030 664 1145 714 igitur
1184 660 1307 708 dixit,
1364 666 1455 717 quia

267 733 452 783 φρόνιμοι,
480 733 574 782 sive,
604 743 647 772 ut
672 734 716 771 in
730 734 890 788 antiqua
906 743 1034 772 nostra
1050 731 1181 783 lingua
1195 740 1254 769 est
1269 730 1453 778 δαήμονες.

268 798 402 853 Quare
450 799 641 840 Hesiodus
694 802 912 855 caeterique
969 807 1105 856 po‘etae
1145 809 1250 839 recte
1290 799 1454 839 omnino

268 867 462 919 docuere,
502 883 661 919 omnes,
692 870 780 923 qui,
809 870 932 924 probi
960 884 1049 909 cum
1075 870 1182 919 sint,
1221 867 1300 908 fato
1329 881 1451 922 pere-

267 948 356 985 ant,
394 941 585 990 egregiam
612 941 788 979 nancisci
825 952 968 980 sortem
996 950 1037 979 et
1062 940 1273 989 honorem,
1301 949 1341 978 et
1366 938 1453 977 fieri

266 1007 494 1057 Daemones,
534 1009 633 1048 κατὰ
670 1008 735 1053 τὴν
759 1012 822 1053 τῆς
859 1009 1053 1058 Φρονήσεως
1086 1008 1302 1055 ἐπωνυμίαν·
1331 1007 1450 1057 ταύτῃ

267 1073 323 1114 οὖν
345 1076 487 1123 τίθεμαι
513 1077 616 1121 κάγὼ
637 1077 697 1116 τὸν
720 1076 884 1127 &mmmm
904 1075 1012 1115 πάντ’
1028 1074 1161 1123 ἄνδρα,
1189 1071 1225 1118 ὃς
1250 1074 1295 1114 ἂν
1317 1075 1453 1120 ἀγαθὸς

268 1140 314 1189 ᾖ,
339 1142 512 1189 δαιμόνιον
535 1141 623 1181 εἶναι
645 1142 708 1182 καὶ
733 1144 847 1192 ζῶντα
871 1142 934 1180 καὶ
952 1142 1249 1197 τελευτήσαντα,
1272 1141 1453 1189 ’καὶδρθῶς

268 1209 421 1255 δαίμονα
445 1210 644 1248 καλεῖσθκι.
706 1209 850 1248 ΗΕΒΜ.
896 1209 948 1247 Et
973 1222 1043 1259 ego
1056 1235 1069 1255 ‚
1114 1207 1309 1255 Socrates,
1342 1205 1454 1247 valde

269 1274 343 1313 tibi
369 1276 556 1314 assentior
584 1275 658 1327 (1).

322 1342 360 1381 A
386 1341 597 1397 prudentia
623 1343 738 1394 igitur
765 1358 911 1399 nomen
938 1354 998 1383 est
1022 1344 1315 1393 Daemonibus3
1358 1341 1453 1381 hinc

268 1411 420 1451 homini
446 1410 636 1465 prudenti
662 1422 744 1451 stam
770 1411 858 1453 vivo
887 1427 1002 1467 quam
1027 1423 1179 1452 mortuo
1200 1409 1452 1464 conceditur.

268 1481 404 1535 Neque
449 1481 554 1519 enim
592 1495 614 1520 e
656 1480 878 1521 SocRA'ms
920 1481 1071 1532 verbis,
1115 1482 1185 1535 qui
1223 1482 1449 1520 Pmmoms

269 1551 378 1589 ten‘et
405 1547 564 1589 dicendi
592 1550 805 1597 rationem,
833 1550 987 1600 efficiet,
1016 1563 1146 1589 revera
1169 1548 1347 1588 homines
1363 1562 1456 1594 esse,

267 1632 365 1671 quos
405 1619 647 1658 Daemonum
687 1619 843 1657 nomine
880 1617 1098 1657 celebravit.
1153 1617 1242 1657 scio
1270 1615 1455 1670 equidem

263 1685 358 1725 alios
384 1688 533 1740 pariter
554 1687 688 1726 Poetas
713 1701 758 1725 ac
783 1685 1045 1740 Philosophus
1064 1684 1348 1725 defunctorum
1362 1685 1451 1724 ani-

263 1769 345 1794 mos
370 1757 515 1808 probos
541 1757 581 1796 in
607 1755 783 1796 divinum
810 1757 1056 1794 Daemonum
1069 1752 1256 1793 collocare
1272 1753 1451 1794 eborum.

265 1823 448 1863 Attamen
488 1823 539 1863 de
582 1819 670 1864 vivo
711 1837 871 1878 quoque
912 1823 982 1862 hic
1020 1838 1146 1863 sermo
1175 1833 1234 1862 est
1272 1822 1450 1862 homine.

264 1892 414 1932 Nomen
443 1908 562 1947 porro
587 1892 656 1932 hic
685 1904 833 1932 tantum
858 1892 1016 1946 respicit
1047 1893 1229 1940 PLATO;
1267 1891 1347 1931 aliis
1373 1889 1449 1929 de-
1509 1930 1513 1932 ,

264 1962 386 2015 nique
414 1960 503 2000 locis
530 1963 640 2010 satis,
667 1961 763 2016 quid
790 1962 953 2010 sentiat,
983 1960 1164 2000 declarat.

322 2028 572 2068 Atheniensis
617 2030 681 2069 ille
727 2032 771 2069 in
820 2030 1007 2083 Legibus
1047 2029 1238 2077 Hospes,
1293 2037 1452 2082 petente

261 2098 450 2144 CLINIA,
491 2096 583 2136 felix
615 2097 770 2137 Saturni
797 2099 1003 2152 imperium
1034 2096 1318 2144 celebraturus,
1358 2093 1450 2133 inde

261 2167 376 2205 etiam
417 2165 612 2205 felicitatis
650 2167 734 2216 ejus
761 2179 909 2203 causam
933 2167 1099 2220 repetit,
1140 2163 1248 2220 quod
1275 2159 1449 2202 Daemo-

262 2235 380 2273 nibus
405 2235 611 2274 hominum
641 2248 730 2273 cura
761 2244 861 2272 esset
885 2233 1080 2273 mandata.
1122 2233 1226 2272 Haec
1252 2232 1357 2270 enim
1381 2230 1447 2271 di-

264 2303 339 2343 cit:
390 2321 412 2344 «
431 2303 545 2343 Fama
581 2302 765 2359 profecto
806 2302 938 2340 beatae
975 2300 1076 2341 illius
1117 2301 1215 2340 vitae
1257 2299 1355 2351 fert,
1400 2299 1449 2340 ad

263 2386 376 2412 usum
415 2380 508 2411 tuuc
546 2389 612 2413 sua
653 2383 797 2427 sponte
822 2370 956 2411 omnia
984 2379 1117 2424 parata
1145 2367 1270 2408 fuisse.
1323 2369 1448 2422 Hujus

304 2528 353 2568 (ι)
380 2525 558 2558 Cau-nus
581 2526 654 2567 397.
676 2525 716 2558 D.
738 2543 777 2549 —
801 2526 875 2566 398.
898 2524 939 2556 D.
