1700 3064
751 251 967 291 —56—

274 371 413 412 hibuit·
440 370 710 425 Philosophus3
750 363 894 417 Deum,
913 379 1062 419 autem,
1091 369 1288 426 quidquid
1315 379 1446 419 crem

273 441 566 494 quamoptime
592 445 631 475 et
655 433 915 489 pulcherrime
941 432 1229 489 ilhdefficem,
1263 448 1302 482 et
1315 449 1444 493 quau-

273 520 355 549 tum
393 509 480 547 fieri
515 506 657 560 possit,
678 505 867 560 ⁴perfecto
891 502 1147 554 immundo,
1161 516 1293 561 siquem
1318 517 1446 547 mente
1509 519 1516 527 ·

274 576 516 624 continebat,
545 573 809 625 simillimum,
837 575 932 628 quin
958 574 1036 613 imo
1062 574 1176 622 ἑαὺτῷ
1202 577 1448 623 παραπλήσιον

272 644 447 685 reddere.
499 643 655 683 Summo
697 642 818 694 igitur
844 656 971 682 rerum
998 641 1167 691 auctori,
1207 641 1336 696 pulcri
1361 644 1444 683 bo·-

272 716 394 768 nique
421 713 539 752 unice·
561 711 816 751 amantissimo
829 741 841 761 ‚
870 711 1031 763 indigna·
1053 712 1223 751 tribuere
1247 711 1332 761 jure
1351 724 1448 749 cen-

269 794 420 823 seretur
469 772 643 832 PLATO{
671 781 847 835 -sibique
897 781 1055 821 minime
1101 791 1276 821 constare
1293 809 1305 830 ‚
1338 793 1450 818 ‘cum

270 851 411 892 rudem
446 850 550 890 illam
593 861 634 890 et
660 849 887 902 indigestam
913 850 1055 891 molem
1081 848 1294 905 aliquando
1318 864 1341 888 a
1366 850 1451 888 Deo

271 930 435 959 creatam
462 933 541 958 esse
570 919 786 959 affirmaret.
837 917 979 972 Quid?
994 917 1119 974 ,quod
1147 917 1289 957 diserte
1314 931 1448 957 enun-

270 989 362 1038 tiat,
391 1001 552 1041 prorsus
581 987 629 1027 ab
652 975 712 1026 ,ea
731 987 893 1028 abfuisse
921 989 1044 1028 Deum
1058 1018 1070 1038 ,
1100 998 1447 1043 antequammun-

272 1056 370 1096 dum
398 1070 529 1095 creare
545 1054 848 1107 aggrederetur?
877 1057 1038 1096 Terram
1052 1057 1262 1106 nimirum,
1291 1062 1448 1107 acrem,

269 1127 399 1176 ignem
439 1134 479 1163 et
518 1138 657 1177 aquam
696 1124 910 1163 παντάπασι
943 1126 1148 1171 διακείμενα
1193 1137 1240 1162 eo
1287 1135 1448 1180 tempo-

269 1208 314 1233 re
354 1202 651 1243 commemorat,
704 1192 818 1241 ὥσπερ
851 1191 941 1236 εἰκὸς
981 1190 1077 1241 ἔχειν
1101 1190 1229 1239 ἅπαν,
1261 1190 1348 1232 ὅταν
1370 1193 1449 1241 ἀπῇ

267 1262 357 1304 τινὸς
381 1259 453 1304 θεός
482 1259 554 1312 (ι).

319 1326 488 1369 Accedit
514 1327 710 1384 denique,
740 1327 847 1383 quod
874 1328 917 1367 in
944 1330 1051 1368 omni
1076 1329 1282 1370 Poetamm
1297 1338 1336 1368 et
1347 1327 1448 1367 Phi-

266 1398 523 1452 losophorum
575 1398 697 1437 choro
739 1397 868 1437 nullus
896 1399 1118 1451 reperitur,
1159 1400 1228 1451 qui
1266 1398 1335 1436 uni
1362 1399 1445 1436 Deo

268 1467 446 1505 omnium
490 1479 621 1504 rerum
658 1465 812 1504 initium
841 1465 1036 1505 tribuerit.
1092 1464 1276 1505 Nullusne
1304 1478 1397 1517 ergo
1423 1478 1445 1503 e

267 1534 573 1584 successoribus,
625 1532 735 1574 avide
778 1533 875 1574 adeo
921 1535 1066 1586 egregia
1109 1548 1366 1588 quaecunque
1403 1534 1447 1572 in

265 1596 477 1641 Pmro‘nn
528 1600 796 1653 laudantibus,
851 1603 956 1641 hanc
1003 1602 1158 1653 agnovit
1195 1602 1270 1642 viri
1309 1602 1445 1647 summi

266 1668 515 1719 doctrinam?
556 1669 713 1709 Nulline
745 1686 794 1709 ex
822 1670 983 1710 aliarum
1012 1682 1202 1710 sectarum
1226 1669 1444 1709 fautoribus

263 1738 359 1777 haec
396 1739 587 1777 sententia
623 1740 818 1789 innotuit,
870 1754 1009 1794 quam,
1052 1749 1192 1793 utpote
1234 1747 1366 1778 notam
1403 1746 1445 1776 et

262 1805 445 1846 audacem
467 1806 608 1855 nimis,
636 1805 970 1862 reprehenderet,
998 1819 1062 1848 aut
1078 1818 1229 1848 notaret
1246 1817 1445 1862 tamquam

265 1876 426 1928 impiam
454 1874 693 1923 doctrinam,
735 1876 885 1931 qualem
913 1876 1042 1928 vulgus
1070 1876 1200 1916 dicere
1226 1888 1326 1916 amat
1353 1890 1443 1916 om-

264 1957 355 1982 nem
383 1959 403 1981 a
429 1945 563 1997 patriis
592 1942 642 1984 de
669 1945 752 1984 Deo
778 1943 931 1999 placitis
949 1943 1197 1985 dissensum?
1224 1968 1274 1977 —
1300 1945 1446 1984 Omnes

264 2027 386 2067 porro
420 2014 646 2065 interpretes
672 2016 895 2054 PLATONIS
922 2014 1029 2069 apud
1052 2031 1141 2055 eum
1155 2014 1211 2054 nil
1225 2015 1298 2053 nisi
1313 2025 1443 2053 aeter-

262 2096 356 2120 nam
371 2079 712 2133 deprehenderunt
729 2083 925 2121 materiam
940 2114 951 2134 ,
982 2084 1042 2122 cni
1059 2084 1161 2122 Deus
1174 2092 1324 2122 tantum
1340 2093 1442 2119 con-

260 2149 449 2190 formator
482 2139 702 2189 accesserit.
759 2149 823 2189 Sic
863 2152 1056 2203 CICERO,
1100 2170 1122 2192 a
1165 2165 1244 2205 quo
1274 2148 1443 2189 nobilio-

262 2214 351 2258 rum
399 2219 627 2272 quorumvis
653 2217 980 2272 philosophorum
1006 2220 1056 2270 de
1083 2234 1215 2258 rerum
1242 2217 1440 2271 principiis

264 2286 449 2338 intelligas
478 2287 685 2328 sententias
713 2305 733 2329 (ι
755 2286 947 2336 PLATO,'
989 2287 1144 2341 inquit,
1172 2304 1192 2329 «
1214 2300 1261 2325 ex
1288 2288 1444 2327 materia

263 2356 306 2393 in
343 2368 382 2392 se
420 2356 547 2394 omnia
573 2356 791 2410 recipiente
817 2353 1010 2396 mundum
1036 2368 1115 2394 esse
1141 2353 1286 2394 factum
1311 2365 1445 2396 censet
1489 2349 1494 2352 ’

951 2289 962 2306 5

264 2456 457 2469 ----

306 2512 356 2555 (1)
381 2512 461 2544 Tim.
486 2523 515 2554 p.
537 2514 589 2546 53.
612 2512 650 2543 B.
