1700 3064
760 253 975 293 ..48-

281 373 390 414 enim
415 375 658 414 PLA'roNEn
683 372 893 422 vocabant,
922 372 1096 414 referens
1108 374 1335 428 doctrinam,
1353 375 1448 421 ἰδέας

282 436 380 481 dicit
396 441 454 493 (1)
479 459 499 482 a
521 440 661 481 formas
688 440 860 479 omnium
886 440 1083 494 simplices
1108 452 1346 493 et‘aeter'nas,
1374 457 1447 484 nec

282 506 504 561 corporales
529 521 629 558 esse3
666 516 796 547 tamen
823 520 869 550 ex
894 509 939 548 iis
952 537 964 559 ‚
993 522 1091 562 quae
1119 510 1221 551 Deus
1248 513 1444 564 sumserit,

279 576 456 632 exempla
481 591 633 626 rerum,
662 590 763 631 quae
791 589 904 628 sunt,
934 577 1135 634 eruntve.”

332 642 375 686 Si'
387 656 516 685 autem
527 659 701 700 quaeras,
718 644 921 686 undenam
932 646 1079 686 PLATO
1090 645 1194 684 hanc
1207 645 1258 685 de
1271 659 1453 699 aeterno,

275 714 452 769 perfecto
490 712 626 754 mundi
664 714 875 767 exemplari
913 716 1089 755 sumserit
1116 715 1366 770 opinionem,
1391 718 1449 757 >in

275 795 463 838 promptu
499 783 701 837 responsio
736 793 806 822 est.
861 784 917 822 Ea
955 794 1012 824 est
1041 785 1261 824 PLATONIS
1289 783 1340 822 de
1367 785 1452 824 Deo

275 852 541 907 philosophia,
568 863 612 892 ut
639 853 688 892 ab
706 853 836 894 animo
854 852 1029 894 humano
1049 854 1226 909 incipiat.
1266 853 1299 893 E
1316 865 1449 895 mente

274 921 441 978 hominis
471 920 646 960 divinam
674 923 860 972 cognovit
886 932 1079 970 naturam.
1122 921 1450 977 Quidquid·boni

271 990 315 1027 in
342 1004 384 1028 ea
410 989 533 1029 inesse
561 988 891 1029 animadverteret
906 1020 918 1040 ‚
958 990 1061 1041 hoe,
1099 991 1448 1044 perfectissimum,

271 1058 358 1098 Deo
383 1057 556 1097 tribuere
583 1056 741 1098 solebat.
772 1080 819 1088 —
859 1058 915 1097 Ea
941 1069 1066 1098 autem
1093 1059 1291 1099 humanae.
1311 1061 1450 1099 mentis

273 1128 326 1166 vis
367 1137 424 1165 est
438 1156 450 1175 ,
492 1137 537 1165 ut
575 1126 728 1165 homini
755 1129 833 1165 sive
861 1141 943 1165 rem
970 1128 1101 1166 animo
1127 1127 1337 1177 recolenti,
1373 1130 1451 1170 sive

272 1206 509 1247 quocunque
538 1191 698 1231 tandem
724 1191 846 1232 modo
872 1192 1021 1247 aliquid
1049 1193 1332 1243 conformanti,
1366 1195 1449 1234 ela-

267 1262 446 1310 boranti,
489 1260 693 1301 confestim
720 1262 777 1300 rei
814 1262 1034 1316 perfectum
1072 1262 1268 1317 exemplar
1281 1291 1295 1311 ,
1340 1278 1423 1303 rem
1437 1293 1449 1314 ,

269 1330 394 1385 qualis
421 1344 501 1370 esse
529 1328 691 1381 debeat,
719 1341 936 1385 proponat,
966 1345 1046 1384 quo
1072 1331 1120 1371 sit
1146 1346 1244 1386 opus
1271 1346 1364 1373 vero
1390 1334 1449 1372 si-

269 1400 406 1439 milius.
461 1401 521 1437 Ita
560 1401 714 1453 pictor,
757 1399 923 1452 exempli
958 1401 1097 1448 causa,
1138 1402 1208 1453 qui
1233 1402 1379 1440 JovEM
1406 1402 1450 1440 in

271 1468 404 1509 tabula
432 1469 590 1521 pingat,
618 1467 939 1521 perfectissimum
964 1466 1070 1506 illam
1095 1467 1281 1519 formam,
1309 1469 1447 1523 expri-

271 1550 377 1575 mere
422 1534 555 1585 ardet,
600 1550 714 1589 quam
753 1535 920 1589 perfecti
958 1549 1088 1574 sensus
1115 1536 1277 1574 interior
1303 1537 1449 1584 etsveri

269 1605 398 1643 innata
425 1605 537 1644 notio
563 1604 692 1643 animo
720 1603 830 1658 quasi
845 1602 1079 1655 insculpant.
1099 1624 1142 1631 —
1172 1602 1238 1642 Sic
1254 1604 1449 1643 TULLIUS

265 1673 310 1711 in
357 1686 505 1710 summo
549 1682 701 1711 oratore
742 1669 953 1722 fingendo,
1004 1688 1023 1712 4
1047 1669 1163 1710 talem
1203 1669 1448 1720 informabo,

266 1740 421 1795 inquit,
453 1738 576 1794 qualis
604 1738 766 1779 fortasse
790 1753 907 1778 nemo
924 1737 1006 1777 fuit.
1051 1738 1142 1778 Non
1159 1738 1262 1789 enim
1282 1753 1450 1793 quaero,

268 1808 354 1862 quis
379 1806 523 1858 fuerit,
552 1806 622 1846 sed
654 1805 752 1862 quid
780 1807 830 1845 sit
856 1805 971 1855 illud,
1003 1820 1081 1860 quo
1107 1805 1206 1845 nihil
1232 1820 1311 1846 esse
1328 1808 1452 1861 possit

268 1875 522 1927 praestantius
536 1891 547 1913 =
577 1874 685 1930 quod
699 1876 741 1913 in
758 1874 1013 1928 perpetuitate
1031 1872 1192 1912 dicendi
1207 1888 1292 1913 non
1309 1888 1425 1928 saepe
1437 1903 1449 1922 ‚

269 1953 388 1997 atque
414 1943 518 1983 haud
545 1945 625 1984 scio
640 1974 651 1994 ,
680 1960 730 1983 an
747 1958 932 1999 umquam
947 1973 959 1994 ,
988 1944 1031 1982 in
1048 1941 1176 1997 aliqu&
1197 1953 1326 1983 autem
1341 1952 1452 1997 parte

268 2007 396 2047 elucet
433 2008 666 2061 aliquando,
706 2009 811 2049 idem
849 2009 955 2063 apud
993 2009 1088 2048 alios
1124 2008 1303 2058 densius,
1345 2007 1451 2060 apud

266 2076 361 2118 alios
389 2076 549 2118 fortasse
577 2078 711 2118 rarius.
762 2077 842 2119 Sed
877 2093 946 2132 ego
972 2079 1028 2120 sic
1056 2088 1181 2119 statuo
1197 2107 1210 2127 ,
1240 2074 1341 2117 nihil
1368 2090 1449 2117 esse

265 2147 309 2184 in
347 2144 428 2185 ullo
467 2159 605 2197 genere
637 2155 715 2189 tam
741 2145 946 2198 pulcrum,
990 2161 1069 2201 quo
1096 2160 1180 2197 non
1207 2144 1380 2198 pulcrius
1406 2144 1449 2183 id

311 2285 363 2328 (ι)
391 2287 439 2318 De
469 2286 566 2320 habit.
587 2285 685 2317 doctr.
715 2284 794 2318 Plat.
816 2285 843 2318 1.
864 2296 894 2326 p.
915 2284 952 2325 43
973 2284 1114 2315 Editione
1134 2290 1203 2315 utor
1223 2281 1451 2314 Elmenlaorstii

268 2341 406 2375 Francos.
440 2342 530 2375 1621.
559 2359 601 2366 —
638 2340 795 2373 Caeterum
826 2339 862 2370 de
892 2339 947 2371 hae
977 2339 1141 2370 Pas-roms
1162 2336 1295 2369 docti-ini
1315 2337 1451 2380 legantur

266 2397 364 2429 Droc.
390 2396 515 2430 Lam.
536 2396 594 2429 111.
618 2397 670 2439 76.
693 2395 739 2429 Cf.
763 2407 814 2439 72·
836 2412 878 2420 —
907 2394 1123 2427 hunuanus
1154 2393 1215 2426 sive
1244 2400 1348 2427 auctor
1377 2392 1451 2424 libri

258 2452 304 2493 ‘de
324 2452 441 2494 placitis
462 2452 571 2493 philos.
591 2453 615 2485 1.
636 2453 668 2483 5.
691 2470 733 2478 —
761 2453 859 2485 Snxr.
884 2451 966 2486 Eur.
988 2450 1052 2485 adv.
1074 2450 1164 2493 Phys.
1185 2451 1226 2485 11.
1248 2452 1327 2488 258„
1357 2450 1446 2482 Pao-

265 2519 343 2543 σιω
365 2509 397 2540 in
421 2507 526 2541 Theoi.
549 2507 684 2540 Platonis
706 2509 738 2541 L.
761 2508 802 2540 V.
829 2506 877 2547 ³4·
904 2518 955 2549 ¹7·
