1700 3064
743 274 959 311 ...8-

262 398 509 430 communem
548 388 696 428 diceret
722 386 916 427 assensum
929 415 942 437 ,
971 388 1174 430 confestim
1203 392 1266 432 isti
1287 405 1327 432 se
1356 403 1434 431 no·-

260 460 477 507 minarent,
516 452 695 506 magnum
733 454 1044 494 dissentientium
1070 470 1288 499 numerum.
1342 458 1437 498 Tale

261 526 361 581 quid
400 525 545 576 Vellejo
582 535 711 579 postea
736 523 879 565 accidit
893 554 904 575 ,
946 525 1026 576 cui,
1069 538 1159 564 cum
1191 529 1339 582 egregie
1365 527 1440 567 hoc

259 596 477 647 argumenti
502 608 619 645 genus
646 595 905 648 exposuisset,
934 594 1030 633 haec
1056 595 1206 645 objecit
1232 598 1342 636 Cotta
1360 597 1437 650 (1):

260 681 281 706 «
301 661 424 717 Quod
465 662 570 701 enim
606 663 781 701 omnium
820 663 992 715 gentium
1019 676 1279 718 generumque
1306 664 1439 704 homi-

262 734 374 773 nibus
399 734 454 772 ita
478 732 695 782 videretur,
733 731 778 771 id
803 734 891 772 satis
919 749 1095 785 magnum
1123 748 1203 772 esse
1231 748 1440 784 argumen-

261 810 344 839 tum
370 799 522 850 dixisti,
564 814 654 849 cur,
696 813 778 838 esse
806 800 933 849 Deos,
977 801 1265 839 confiteremur.
1321 799 1444 853 Quod

260 885 349 910 cum
384 869 467 911 leve
502 883 576 923 per
596 882 666 920 se,
709 879 792 908 tum
828 870 943 909 etiam
981 869 1116 909 falsum
1142 880 1211 909 est.
1270 870 1445 908 Primum

260 941 364 978 enim
416 937 520 976 unde
563 949 678 977 notae
718 939 791 977 tibi
829 949 918 977 sunt
957 940 1164 992 opiniones
1206 939 1409 978 nationum
1423 939 1443 978 ⁵?

238 1005 456 1062 *Equidem
482 1006 680 1056 arbitror,
713 1006 852 1047 multas
878 1020 959 1047 esse
987 1018 1116 1059 gentes
1138 1008 1194 1047 sic
1209 1007 1445 1047 immanitate

259 1075 465 1125 efferatas,
507 1085 552 1113 ut
589 1073 695 1127 apud
738 1089 804 1113 eos
839 1074 945 1113 nulla
987 1076 1153 1128 suspicio
1189 1076 1357 1114 Deorum
1384 1076 1445 1114 sit.

260 1142 404 1197 Quid?
435 1144 686 1192 DIAGORAS,
716 1140 867 1182 Atheos
894 1143 961 1197 qui
980 1141 1106 1182 dictus
1122 1154 1202 1194 est,
1231 1154 1446 1198 posteaque

263 1214 562 1261 THEODORU8‚
592 1225 725 1250 nonne
752 1222 885 1263 aperte
911 1213 1081 1251 Deorum
1107 1223 1288 1252 naturam
1313 1223 1443 1252 sustu-

258 1279 387 1319 lerunt
400 1279 452 1319 ?''

312 1350 380 1390 Me
420 1348 572 1402 judice,
617 1364 685 1401 eo,
724 1348 836 1403 quod
873 1349 969 1389 haec
1007 1351 1101 1405 ipsis
1141 1351 1218 1390 suis
1246 1350 1444 1404 praemisit

260 1419 412 1457 PLATO
439 1419 698 1468 argumentis,
727 1416 831 1456 haud
857 1418 1019 1456 obscure
1039 1417 1264 1468 indicavit,'
1287 1428 1443 1456 eatenus

264 1500 286 1525 e
313 1500 380 1525 sua
407 1486 623 1535 sententia,
653 1484 777 1525 valere
807 1483 952 1525 debere
976 1485 1173 1535 omnium,
1202 1486 1326 1525 Deum
1343 1500 1446 1535 esse,

265 1552 516 1593 credentium
542 1554 819 1603 testimonium,
848 1564 892 1592 ut
919 1553 1114 1602 homines,
1144 1564 1352 1607 antequam
1375 1554 1450 1608 ipsi

264 1620 505 1679 inquirendo
533 1622 589 1662 rei
616 1622 812 1683 veritatem
839 1616 1114 1677 experiantur,
1140 1620 1329 1664 eamfide
1346 1637 1446 1678 qua-

265 1691 382 1740 dam,
411 1703 576 1746 propter
601 1693 795 1731 bonorum
824 1692 1119 1739 auctoritatem,
1148 1691 1443 1745 amplectantur.

258 1761 394 1807 Insani
435 1774 516 1800 esse
542 1771 583 1801 et
609 1759 881 1801 inconsiderati
910 1776 932 1798 a
963 1761 1157 1799 communi
1188 1759 1449 1815 plurimorum

263 1829 470 1870 deflectere
511 1831 724 1884 opinione,
780 1815 832 1869 et,
858 1828 1024 1869 studiose
1059 1831 1191 1883 potius
1240 1827 1449 1868 dubitandi

266 1913 452 1954 quaerere
479 1900 674 1950 rationes,
705 1915 824 1956 quam
851 1898 1046 1955 plerisque
1073 1899 1211 1954 probis
1225 1913 1420 1939 assensum
1434 1926 1447 1947 ‚

266 1968 361 2007 dein
388 1981 623 2020 argumenta,
660 1985 729 2009 cur
763 1971 824 2009 Dii
857 1970 947 2019 sint,
980 1970 1030 2007 ab
1062 1969 1106 2008 iis
1139 1979 1286 2022 petere.

319 2036 421 2077 Satis
450 2047 591 2077 notum
617 2049 698 2085 est,
729 2049 967 2092 quantopere
992 2038 1098 2077 omni
1122 2036 1204 2078 fere
1222 2047 1362 2086 aetate,
1397 2034 1450 2076 de

264 2107 382 2158 hujus
395 2098 611 2156 argumenti
629 2107 757 2159 pretio
769 2106 886 2145 suerit
903 2105 1153 2159 disputatum.
1193 2107 1303 2145 Inter
1316 2105 1448 2145 Plato-

264 2176 371 2216 nicos
388 2173 647 2228 Philosophos
660 2203 672 2221 ‚
702 2173 914 2213 MAXIMUS
930 2174 1154 2226 praesertim
1175 2173 1239 2213 ille
1257 2175 1448 2222 TYR1U8‚

266 2257 338 2282 suo
354 2257 464 2282 more
478 2241 575 2282 illud
589 2241 811 2290 adornavit,
829 2241 941 2295 eique
956 2243 1220 2294 patrocinatus
1236 2253 1304 2282 est.
1340 2242 1443 2280 Pau-

268 2311 323 2350 cis
340 2321 425 2349 utar
440 2325 460 2349 e
475 2310 601 2350 multis
618 2310 777 2350 eximiis.
806 2309 854 2347 El
869 2308 906 2348 δὲ
918 2308 1138 2356 ἐξεγένοντο,
1155 2310 1286 2364 inquit
1299 2339 1311 2358 ,
1343 2310 1378 2348 ἐν
1399 2311 1447 2359 τῷ

267 2380 454 2429 {dumam-1
483 2381 577 2420 αἰῶνι
609 2381 668 2422 δύο
694 2395 762 2422 που
784 2379 846 2420 καὶ
873 2385 986 2429 τρεῖς,
1022 2379 1142 2424 ἄθεον,
1178 2379 1239 2419 καὶ
1264 2380 1446 2424 ταπεινὸν,

308 2482 364 2524 (ι)
392 2481 458 2513 Cic.
481 2483 558 2512 Nat.
580 2480 619 2514 D.
642 2480 666 2515 1.
688 2483 739 2515 23.
771 2482 916 2516 Vatum
938 2487 967 2512 et
987 2480 1091 2513 Bmu
1115 2480 1245 2513 rationes
1267 2480 1362 2524 legere
1379 2481 1452 2513 licet

267 2539 292 2573 1.
318 2550 368 2582 ¹7·
391 2538 434 2571 11.
458 2548 478 2570 2
500 2548 580 2581 seqq.
