1700 3064
757 316 999 369 *¹93-

280 432 484 473 καιλλΙο-τω·
512 432 667 480 διαμένει
696 432 769 482 ἄρα
789 432 961 477 ‘rota-53⁵
939 449 985 474 ων
1009 432 1190 483 ἄφθαρτος
1200 433 1268 473 κα)
1278 433 1464 482 ἀνώλεθρος

277 502 350 541 καὶ
366 502 572 551 “uncinos-⁹
575 502 703 556 '.pag
733 503 796 557 94.
823 502 870 541 Ε.
1392 525 1394 527 -

322 568 462 610 Haece
488 568 594 610 enim
614 574 770 612 ratione
786 569 984 624 disputat'
972 581 1059 624 ipse
1069 570 1246 617 Ptin-o:
1276 571 1332 610 Ut
1347 568 1462 622 geni-

277 647 337 676 tus
375 637 443 676 hie
464 636 647 678 ‘mundus
687 649 846 677 aeterno
887 635 1029 676 mundi
1065 633 1261 690 exemplo·
1280 635 1383 676 foret
1406 637 1463 676 si-

276 703 427 756 milior,
464 708 630 761 optimus
648 706 786 760 ‘opifex
814 708 1092 746 aeternitatem.
1113 704 1169 745 illi
1195 704 1286 745 dare
1313 707 1461 746 consti-

274 774 359 814 tuit.
388 801 393 808 ·
416 776 562 817 Verum
599 776 704 815 enim
742 790 834 816 vero
873 777 923 825 τῷ
949 776 1105 824 γεννητῷ
1144 775 1247 814 hane
1273 774 1324 814 ab
1352 776 1463 814 omni

273 842 489 883 concedere
514 855 625 898 parte
652 859 733 884 non
761 844 913 885 valebat
941 843 1137 897 (obstabat
1151 844 1296 884 scilicet
1315 844 1461 885 Neeae-
1507 893 1513 901 .

271 912 387 952 sitatis
425 912 516 965 lex).
577 914 753 967 Tempus
794 912 885 952 ideo
925 915 1177 963 excogitavit,
1228 913 1462 952 aeternitatis

268 982 546 1036 sempiternam
572 983 804 1035 imaginem,
849 980 961 1037 quod
976 980 1216 1021 coelestium
1243 995 1459 1036 corporum

269 1060 381 1089 motu
407 1050 690 1091 conficeretur.
746 1051 871 1091 Simul
906 1052 1021 1102 igitur
1056 1064 1146 1089 eum
1174 1049 1296 1090 coelo-
1310 1060 1461 1104 tempus

266 1118 437 1169 exstitit,
465 1129 512 1159 ut
537 1119 652 1160 simul
680 1130 765 1161 orta
791 1119 904 1160 simul
933 1120 1045 1159 etiam
1071 1118 1275 1160 solvantur
1290 1146 1303 1168 ,
1337 1118 1370 1158 si
1397 1128 1459 1159 ta-

267 1201 362 1227 men
401 1188 616 1243 aliquando
642 1204 777 1228 eorum
806 1190 875 1228 fiat
902 1188 1101 1228 dissolutio
1129 1187 1190 1241 (ἄν
1228 1188 1318 1227 πότε
1339 1189 1458 1237 ’λύσις

266 1268 322 1300 τις
359 1257 476 1296 αὐτῶν
510 1256 713 1310 γίγνηται).
783 1254 932 1296 Mundi
968 1254 1068 1295 adeo
1105 1256 1221 1297 νοῆτον
1260 1255 1460 1311 exemplar

265 1339 339 1379 per
365 1339 523 1365 omnem
547 1335 608 1365 est
636 1326 934 1378 aeternitatemg,
964 1325 1115 1377 genitus
1137 1334 1268 1364 noster
1285 1323 1458 1366 mundus

264 1407 338 1447 per
379 1408 494 1433 omne
522 1403 674 1447 tempus
700 1393 800 1445 suit,
843 1404 922 1443 est,
965 1395 1134 1449 eritque.
1163 1408 1206 1447 p.
1237 1395 1307 1445 57.
1329 1393 1377 1432 D.
1408 1418 1456 1425 —

264 1462 329 1503 58.
358 1462 405 1501 C.
460 1462 547 1502 Hoc
587 1463 775 1513 nomine,
816 1460 927 1516 q'uod
967 1472 1169 1502 aeternum
1206 1460 1284 1500 hoe
1323 1474 1456 1501 rerum

264 1529 503 1584 Universum
530 1528 672 1571 dixerit
698 1530 849 1570 PLATO
866 1560 877 1580 ,
907 1543 997 1570 eum
1017 1543 1178 1585 quoque
1194 1528 1455 1583 reprehendit

263 1597 370 1652 apud
398 1599 667 1639 CICERONEM
697 1601 934 1640 VELLEJUS·
981 1617 999 1640 a
1023 1600 1199 1649 Longum
1212 1598 1259 1646 ,'’·
1295 1598 1452 1652 inquit,

264 1684 287 1709 «
307 1676 368 1707 est
393 1667 523 1708 omnia
537 1697 549 1718 ,
580 1682 680 1722 quae
709 1667 800 1707 talia
824 1678 930 1717 sunt,
959 1676 1006 1707 ut
1027 1677 1157 1722 optata
1169 1667 1303 1721 magis,
1334 1681 1453 1721 quam

258 1736 418 1776 inventa
445 1735 661 1776 videantur.
704 1735 785 1776 Sed
811 1736 874 1775 illa
900 1735 1081 1790 palmaris
1110 1734 1268 1789 quidem
1281 1764 1293 1785 ,
1323 1734 1449 1789 quod,

260 1801 333 1859 qui
370 1818 451 1843 non
489 1802 607 1843 modo
646 1813 789 1852 natum,
820 1803 1013 1844 mundum
1057 1803 1317 1843 introduxerit
1330 1833 1342 1854 ‚
1381 1803 1451 1844 sed

258 1886 379 1912 manu
414 1863 538 1926 paene
565 1871 734 1924 factum,
774 1875 807 1913 is
834 1888 922 1913 eum
948 1872 1096 1912 dixerit
1121 1872 1209 1912 fore
1238 1873 1448 1926 sempiter-

260 1954 369 1981 num.
423 1940 539 1979 Hunc
566 1955 694 1981 censes
721 1941 859 1996 primis
872 1970 885 1991 ,
927 1952 972 1980 ut
999 1939 1168 1990 dicitur,
1208 1940 1326 1981 labris
1352 1956 1445 1993 gus-

258 2019 357 2049 tasse
383 2006 667 2064 physiologiam
681 2041 694 2061 ‚
724 2012 795 2065 qui
823 2009 1066 2066 quidquam,
1097 2009 1206 2066 quod
1229 2011 1444 2061 ortum‘sit‚

256 2087 372 2131 putet
397 2087 599 2116 aeternum
625 2093 704 2117 esse
733 2081 870 2131 posse?
899 2078 1011 2132 Quae
1040 2089 1097 2118 est
1109 2080 1216 2117 enim
1236 2093 1444 2130 coagmen—

253 2146 351 2187 tatio
380 2161 466 2187 non
491 2144 723 2187 dissolubilis
737 2148 758 2187 ‘t’
787 2157 853 2187 aut
880 2145 977 2201 quid
999 2158 1056 2188 est
1071 2149 1181 2200 cujus
1199 2147 1444 2202 principium

257 2215 417 2271 aliquod
445 2216 494 2255 sit
507 2244 520 2264 ,
547 2214 648 2254 nihil
670 2217 720 2255 sit
736 2227 951 2256 extremum
964 2218 1013 2256 P’
1041 2217 1130 2257 Nat.
1151 2218 1269 2256 Deor.
1286 2218 1332 2255 L.
1350 2216 1439 2259 [ιθ.

255 2284 317 2326 Cf.
345 2282 471 2325 Acad.
497 2284 657 2338 Quaest.
684 2284 753 2324 IV.
783 2287 847 2337 37.
1354 2303 1357 2308 ¹
1395 2306 1398 2310 ’
1422 2302 1438 2309 ·⁴

310 2355 602 2396 Pnurancnus
629 2357 703 2395 rite
732 2356 835 2410 cepit
862 2355 1000 2396 mundi
1022 2358 1255 2397 aeternitatis
1268 2341 1441 2397 Platoni-

259 2439 346 2465 cam
358 2424 753 2466 demonstrationem:
770 2443 791 2468 «
813 2426 1038 2475 Πυθαγόρας,
1054 2427 1198 2481 inquit,
1213 2427 1276 2467 καὶ
1286 2425 1443 2466 Πλάτων

255 2495 421 2541 γεννητὸν
458 2495 526 2535 ὑπὸ
560 2495 635 2535 θεοῦ
673 2494 733 2534 ’τὸν
757 2495 915 2543 κόσμον,
955 2494 1018 2535 καὶ
1051 2495 1208 2545 φθαρτὸν
1230 2495 1321 2543 μὲν,
1364 2493 1442 2535 ὅσον
