1700 3064
733 263 949 302 ..9-

260 375 323 417 καιὶ
340 373 511 418 ἁναισθὲς
545 373 664 420 γένος,
703 372 764 412 καὶ
796 366 1069 418 πεπλωνημὲνον
1101 369 1268 419 μὲν-τοῖς
1285 364 1427 421 ’ὀφόὼλῖ

260 449 362 493 μοῖς,
381 443 648 490 ἑξηπᾳτημένον
672 443 709 481 δὲ
733 446 814 484 ταῖς
838 445 986 484 ἀκοαῖς,
1025 441 1285 489 ἐκτετμημένον
1309 440 1347 480 δὲ
1370 442 1432 485 τὴν

261 512 407 565 ψυχὴν,
443 510 600 560 ἄλογον,
640 508 718 550 καὶ·
737 508 886 560 ἄγονον,
926 508 988 550 καὶ
1017 508 1198 559 ἄκαρπον,
1229 511 1273 555 ὥς
1302 508 1435 559 ἄθυμος

261 582 370 630 λέων,
409 583 452 626 ὥς
472 583 559 628 βοῦς
586 580 734 627 ἄκερος“,
768 580 813 623 ὦς
834 581 917 629 ὄρνις
939 580 1115 627 ἄπτερος,
1142 580 1202 618 καὶ
1230 581 1330 629 παρὰ
1354 579 1434 619 roz}—

261 666 324 691 του
355 649 445 699 ὅμως
472 653 536 694 τοῦ
558 647 678 695 γένους
706 647 819 697 πεύσῃ
844 649 890 688 τὸ
907 649 1007 688 θεῖον·
1032 642 1131 688 ream
1154 648 1226 696 γὰρ
1245 637 1436 698 ὀὐχ’-ἐκόν-

262 736 342 765 req,
366 721 427 760 xx)
455 719 619 763 λέγουσιν
642 715 800 761 ἄκοντες.
844 717 965 771 Quod·
991 719 1024 757 si
1047 718 1096 757 ab
1122 718 1231 757 omni
1248 725 1340 756 aevo
1357 715 1436 755 duo

261 800 326 828 aut
352 800 431 828 ιηε
456 786 670 824 exstiterint
696 796 774 824 tam
800 786 942 837 abjecti
964 786 1168 836 homines,
1198 796 1240 825 ut
1259 787 1341 824 sine
1359 787 1438 824 Deo

261 859 517 905 aberrarent3
545 846 748 894 hominum
775 868 892 905 genus
908 856 1081 893 sensibus
1098 857 1305 908 privatum,
1334 869 1439 910 quo·

204 956 208 959 .
263 928 352 966 rum
373 937 501 979 neque
529 923 654 963 lucem
681 932 824 961 certam
850 920 976 970 oculi,
1006 935 1132 975 neque
1160 933 1309 962 certum
1325 925 1440 963 soni-

262 1007 347 1035 tum
382 1007 493 1032 aures
519 990 792 1041 admitterent,
833 990 960 1030 animo
987 1003 1076 1029 vero
1101 990 1223 1030 mutili
1236 1022 1247 1042 ,
1295 994 1439 1049 absque

262 1064 414 1104 ratione
441 1060 566 1101 sterile
595 1071 634 1099 et
660 1059 794 1099 inutile
816 1073 934 1110 genus
948 1086 961 1106 ‚
988 1069 1031 1098 ut
1045 1060 1076 1097 si
1094 1058 1247 1098 leonem
1261 1062 1340 1100 sine
1354 1062 1413 1100 ir&
1426 1089 1440 1110 ‚

262 1134 404 1173 bovem
429 1131 512 1171 sine
543 1116 725 1170 cornibus
741 1160 752 1179 ,
794 1141 902 1168 avem
926 1128 1010 1167 sine
1033 1126 1100 1167 alis
1128 1128 1258 1179 dicas3
1302 1129 1364 1170 vel
1392 1130 1452 1169 ab·

205 1196 208 1198 A
265 1202 324 1242 his
362 1213 493 1241 tamen
520 1198 666 1254 aliquid
694 1197 745 1237 de
772 1197 904 1237 divina
932 1199 1071 1238 natura
1098 1198 1286 1249 intelliges
1299 1229 1311 1248 ‚
1353 1215 1444 1239 nam

265 1280 305 1309 et
342 1269 451 1309 inviti
488 1268 565 1307 hoc
591 1267 740 1315 sciunt,
782 1277 821 1305 et
846 1266 958 1306 inviti
983 1264 1162 1305 dicunt.''
1191 1286 1239 1295 —
1277 1267 1443 1320 Egregie

266 1352 427 1393 quoque
457 1338 629 1377 CICERO
644 1353 655 1375 ι
697 1353 718 1377 «
739 1335 792 1374 Ut
810 1349 931 1388 porro
947 1334 1207 1375 firmissimum
1224 1336 1299 1376 hoc
1314 1336 1445 1377 afferri

266 1405 443 1453 videtur,
485 1419 553 1443 cur
578 1405 680 1453 Deos
707 1416 788 1442 esse
815 1401 1037 1450 credamus,
1084 1402 1193 1458 quod
1220 1403 1327 1443 nulla
1353 1414 1445 1455 gens

267 1486 346 1515 tam
383 1474 490 1524 fera,
534 1487 646 1512 nemo
684 1472 873 1511 omnium·
897 1483 976 1511 tam
1010 1473 1061 1511 sit
1096 1474 1298 1522 immanis,
1340 1477 1446 1526 cujus

267 1553 439 1582 mentem
464 1556 548 1581 non
575 1541 755 1580 imbuerit
781 1540 953 1579 Deorum
969 1541 1113 1593 opinio.
1159 1541 1276 1581 Multi
1293 1541 1343 1581 de
1362 1543 1446 1582 Diis

267 1627 389 1668 prava
414 1610 611 1661 sentiunt3
653 1607 696 1649 id
736 1609 840 1649 enim
877 1609 1013 1649 vitioso
1056 1624 1167 1650 more
1202 1610 1301 1652 effici
1328 1610 1445 1653 solet:

269 1695 402 1720 omnes
428 1691 555 1719 tamen
581 1692 661 1718 esse
689 1680 769 1718 vim
795 1688 835 1717 et
860 1689 1039 1717 naturam
1067 1679 1319 1718 arbitrantur.
1365 1682 1448 1720 Nec

270 1764 362 1789 vero
373 1748 415 1787 id
431 1748 634 1788 collocutio
652 1746 874 1796 hominum,
886 1757 960 1786 -aut
973 1744 1180 1786 consensus
1195 1747 1323 1788 effecit
1335 1765 1346 1787 z
1364 1763 1445 1788 non

268 1818 451 1857 institutis
478 1818 614 1871 opinio
641 1828 696 1856 est
715 1816 974 1865 confirmata,
1003 1831 1082 1855 non
1108 1815 1270 1868 legibus.
1302 1839 1304 1841 ·
1327 1819 1449 1857 Omni

269 1898 394 1927 autem
419 1887 461 1925 in
488 1901 530 1939 re
557 1886 756 1925 consensio
783 1886 960 1925 omnium
983 1886 1181 1938 gentium,
1210 1886 1274 1926 lex
1289 1899 1447 1928 naturae

270 1956 441 2012 putanda
466 1958 552 1996 est''
583 1957 653 2008 (1).
709 1953 792 1994 Sed
814 1954 1016 1994 redeamus
1044 1954 1095 1994 ad
1122 1957 1382 1997 PLATONEM.

325 2026 438 2066 Hisce
460 2025 577 2077 igitur
603 2023 653 2064 de
682 2034 881 2065 constante
909 2025 1083 2065 Deorum
1110 2020 1300 2080 opinione
1326 2041 1446 2081 prae-

275 2097 421 2145 missis,
449 2094 560 2134 aliam
585 2105 768 2134 memorat
795 2095 960 2133 HosPEs
984 2095 1232 2135 Atheniensis
1256 2096 1306 2134 de
1320 2112 1449 2136 rerum

275 2176 365 2206 ortu
388 2164 639 2219 opinionem,
671 2161 749 2217 qua
777 2162 838 2204 Dii
866 2161 952 2203 tolli
970 2158 1159 2203 videntur.
1200 2163 1361 2210 Λέγουσί
1383 2166 1451 2206 πού

317 2298 369 2340 (ι)
391 2299 481 2332 MAx.
515 2299 596 2332 Tra.
627 2297 716 2330 verba
744 2306 814 2331 sunt
833 2309 850 2330 e
871 2299 960 2332 Diu.
980 2298 1077 2332 XVII.
1097 2301 1129 2332 5.
1152 2297 1204 2331 Cf.
1221 2298 1308 2331 V111.
1329 2299 1360 2331 4.
1394 2297 1452 2329 Cr-

275 2365 411 2388 emonis
440 2354 522 2388 locus
542 2361 586 2387 est
605 2354 637 2387 in
659 2354 745 2388 Tuse.
769 2354 808 2394 Q.
829 2353 854 2388 Ι.
878 2355 928 2388 13.
965 2354 1026 2394 Qui
1047 2354 1213 2387 Stoicorum
1234 2354 1306 2386 velit
1325 2361 1355 2386 et
1374 2353 1453 2397 Epi-

225 2413 228 2416 ”
278 2421 434 2443 cui-eorum
454 2411 632 2453 sententias,
660 2411 748 2444 adeat
768 2412 925 2444 Sanoua
947 2412 1001 2453 Ep.
1025 2411 1144 2445 van.
1168 2412 1201 2445 C.
1224 2423 1253 2453 p.
1275 2412 1348 2444 655.
1371 2411 1452 2452 Lips.

278 2474 309 2499 et
335 2467 479 2499 Lucan.
509 2467 544 2498 1..
576 2468 613 2501 V.
646 2470 739 2502 1152.
770 2477 849 2510 seqq.
879 2466 925 2500 Cf.
957 2467 991 2499 T.
1023 2466 1162 2499 Bonam
1192 2466 1228 2498 de
1259 2466 1388 2509 Antieip.
1415 2466 1450 2499 L.

280 2524 348 2559 Bat.
372 2523 462 2557 1823.
