<?xml version="1.0" encoding="UTF-8"?>
<!DOCTYPE html PUBLIC "-//W3C//DTD XHTML 1.0 Transitional//EN"
    "http://www.w3.org/TR/xhtml1/DTD/xhtml1-transitional.dtd">
<html xmlns="http://www.w3.org/1999/xhtml" xml:lang="en" lang="en">
 <head>
  <title>
</title>
<meta http-equiv="Content-Type" content="text/html;charset=utf-8" />
  <meta name='ocr-system' content='tesseract 3.04.00' />
  <meta name='ocr-capabilities' content='ocr_page ocr_carea ocr_par ocr_line ocrx_word'/>
</head>
<body>
  <div class='ocr_page' id='page_1' title='image "4737329_0037.png"; bbox 0 0 1700 3064; ppageno 0'>
   <div class='ocr_carea' id='block_1_1' title="bbox 729 258 943 319">
    <p class='ocr_par' dir='ltr' id='par_1_1' title="bbox 729 258 943 319">
     <span class='ocr_line' id='line_1_1' title="bbox 729 258 943 319; baseline 0.009 -23"><span class='ocrx_word' id='word_1_1' title='bbox 729 258 943 319; x_wconf 56' lang='lat'>—15·÷</span> 
     </span>
    </p>
   </div>
   <div class='ocr_carea' id='block_1_2' title="bbox 247 373 1427 2428">
    <p class='ocr_par' dir='ltr' id='par_1_2' title="bbox 252 373 1425 707">
     <span class='ocr_line' id='line_1_2' title="bbox 252 373 1423 430; baseline -0.003 -15"><span class='ocrx_word' id='word_1_2' title='bbox 252 375 363 419; x_wconf 67' lang='lat' dir='ltr'><strong>vohis</strong></span> <span class='ocrx_word' id='word_1_3' title='bbox 388 375 443 414; x_wconf 80' lang='lat' dir='ltr'><strong>in.</strong></span> <span class='ocrx_word' id='word_1_4' title='bbox 458 385 543 415; x_wconf 80' lang='lat' dir='ltr'><strong>tuto</strong></span> <span class='ocrx_word' id='word_1_5' title='bbox 568 374 736 428; x_wconf 82' lang='lat' dir='ltr'><strong>relictis3</strong></span> <span class='ocrx_word' id='word_1_6' title='bbox 776 377 845 416; x_wconf 83' lang='lat' dir='ltr'><strong>ubi</strong></span> <span class='ocrx_word' id='word_1_7' title='bbox 870 373 1101 430; x_wconf 79' lang='lat' dir='ltr'><strong>reperierim</strong></span> <span class='ocrx_word' id='word_1_8' title='bbox 1128 374 1241 415; x_wconf 84' lang='lat' dir='ltr'><strong>vobis</strong></span> <span class='ocrx_word' id='word_1_9' title='bbox 1269 387 1423 428; x_wconf 82' lang='lat' dir='ltr'><strong>quoque</strong></span> 
     </span>
     <span class='ocr_line' id='line_1_3' title="bbox 253 435 1423 499; baseline -0.003 -13"><span class='ocrx_word' id='word_1_10' title='bbox 253 445 465 493; x_wconf 79' lang='lat' dir='ltr'><strong>senioribus</strong></span> <span class='ocrx_word' id='word_1_11' title='bbox 495 446 671 499; x_wconf 79' lang='lat' dir='ltr'><strong>pervium</strong></span> <span class='ocrx_word' id='word_1_12' title='bbox 696 458 801 495; x_wconf 86' lang='lat' dir='ltr'><strong>esse,</strong></span> <span class='ocrx_word' id='word_1_13' title='bbox 841 443 918 485; x_wconf 81' lang='lat' dir='ltr'><strong>vos</strong></span> <span class='ocrx_word' id='word_1_14' title='bbox 933 435 1145 495; x_wconf 75' lang='lat' dir='ltr'><strong>arcessam3</strong></span> <span class='ocrx_word' id='word_1_15' title='bbox 1184 444 1244 484; x_wconf 86' lang='lat' dir='ltr'><strong>sin</strong></span> <span class='ocrx_word' id='word_1_16' title='bbox 1271 442 1423 487; x_wconf 80' lang='lat' dir='ltr'><strong>minus,</strong></span> 
     </span>
     <span class='ocr_line' id='line_1_4' title="bbox 252 512 1425 569; baseline -0.002 -17"><span class='ocrx_word' id='word_1_17' title='bbox 252 515 334 569; x_wconf 84' lang='lat' dir='ltr'><strong>ipse</strong></span> <span class='ocrx_word' id='word_1_18' title='bbox 362 514 462 567; x_wconf 84' lang='lat' dir='ltr'><strong>solus</strong></span> <span class='ocrx_word' id='word_1_19' title='bbox 488 513 700 569; x_wconf 82' lang='lat' dir='ltr'><strong>perieulum</strong></span> <span class='ocrx_word' id='word_1_20' title='bbox 727 513 920 553; x_wconf 85' lang='lat' dir='ltr'><strong>subierim.</strong></span> <span class='ocrx_word' id='word_1_21' title='bbox 964 514 1099 567; x_wconf 82' lang='lat' dir='ltr'><strong>Itaque</strong></span> <span class='ocrx_word' id='word_1_22' title='bbox 1117 527 1185 564; x_wconf 85' lang='lat' dir='ltr'><strong>ego</strong></span> <span class='ocrx_word' id='word_1_23' title='bbox 1202 512 1281 552; x_wconf 85' lang='lat' dir='ltr'><strong>dux</strong></span> <span class='ocrx_word' id='word_1_24' title='bbox 1297 523 1425 553; x_wconf 85' lang='lat' dir='ltr'><strong>vester</strong></span> 
     </span>
     <span class='ocr_line' id='line_1_5' title="bbox 253 581 1424 636; baseline -0.003 -13"><span class='ocrx_word' id='word_1_25' title='bbox 253 598 322 623; x_wconf 86' lang='lat' dir='ltr'><strong>ero</strong></span> <span class='ocrx_word' id='word_1_26' title='bbox 360 584 403 622; x_wconf 90' lang='lat' dir='ltr'><strong>in</strong></span> <span class='ocrx_word' id='word_1_27' title='bbox 443 582 574 623; x_wconf 80' lang='lat' dir='ltr'><strong>arduis</strong></span> <span class='ocrx_word' id='word_1_28' title='bbox 610 592 656 630; x_wconf 71' lang='lat' dir='ltr'><strong>et¹</strong></span> <span class='ocrx_word' id='word_1_29' title='bbox 682 581 746 620; x_wconf 84' lang='lat' dir='ltr'><strong>vix</strong></span> <span class='ocrx_word' id='word_1_30' title='bbox 771 581 877 621; x_wconf 87' lang='lat' dir='ltr'><strong>vobis</strong></span> <span class='ocrx_word' id='word_1_31' title='bbox 903 583 1048 636; x_wconf 86' lang='lat' dir='ltr'><strong>perviis</strong></span> <span class='ocrx_word' id='word_1_32' title='bbox 1074 582 1256 622; x_wconf 80' lang='lat' dir='ltr'><strong>orationis</strong></span> <span class='ocrx_word' id='word_1_33' title='bbox 1282 581 1424 620; x_wconf 74' lang='lat' dir='ltr'><strong>semitis</strong></span> 
     </span>
     <span class='ocr_line' id='line_1_6' title="bbox 259 648 1105 707; baseline -0.004 -16"><span class='ocrx_word' id='word_1_34' title='bbox 259 662 300 691; x_wconf 87' lang='lat' dir='ltr'><strong>et</strong></span> <span class='ocrx_word' id='word_1_35' title='bbox 328 653 397 707; x_wconf 80' lang='lat' dir='ltr'><strong>qui</strong></span> <span class='ocrx_word' id='word_1_36' title='bbox 424 653 522 692; x_wconf 76' lang='lat' dir='ltr'><strong>viam</strong></span> <span class='ocrx_word' id='word_1_37' title='bbox 548 648 810 705; x_wconf 86' lang='lat' dir='ltr'>periclitetur,</span> <span class='ocrx_word' id='word_1_38' title='bbox 842 665 968 691; x_wconf 88' lang='lat' dir='ltr'><strong>comes</strong></span> <span class='ocrx_word' id='word_1_39' title='bbox 997 650 1105 705; x_wconf 81' lang='lat'><strong>(5).”</strong></span> 
     </span>
    </p>

    <p class='ocr_par' dir='ltr' id='par_1_3' title="bbox 249 719 1427 1172">
     <span class='ocr_line' id='line_1_7' title="bbox 256 719 1426 774; baseline -0.003 -12"><span class='ocrx_word' id='word_1_40' title='bbox 256 746 258 748; x_wconf 37' lang='lat' dir='ltr'>v</span> <span class='ocrx_word' id='word_1_41' title='bbox 303 721 450 763; x_wconf 88' lang='lat' dir='ltr'><strong>Verum</strong></span> <span class='ocrx_word' id='word_1_42' title='bbox 487 720 592 759; x_wconf 86' lang='lat' dir='ltr'><strong>enim</strong></span> <span class='ocrx_word' id='word_1_43' title='bbox 630 733 720 759; x_wconf 87' lang='lat' dir='ltr'><strong>vero</strong></span> <span class='ocrx_word' id='word_1_44' title='bbox 762 720 877 760; x_wconf 86' lang='lat' dir='ltr'><strong>nobis</strong></span> <span class='ocrx_word' id='word_1_45' title='bbox 915 735 997 761; x_wconf 87' lang='lat' dir='ltr'><strong>non</strong></span> <span class='ocrx_word' id='word_1_46' title='bbox 1022 720 1116 759; x_wconf 89' lang='lat' dir='ltr'><strong>licet</strong></span> <span class='ocrx_word' id='word_1_47' title='bbox 1142 719 1267 759; x_wconf 87' lang='lat' dir='ltr'><strong>ubivis</strong></span> <span class='ocrx_word' id='word_1_48' title='bbox 1293 730 1426 774; x_wconf 82' lang='lat' dir='ltr'><strong>presso</strong></span> 
     </span>
     <span class='ocr_line' id='line_1_8' title="bbox 249 779 1423 844; baseline -0.003 -16"><span class='ocrx_word' id='word_1_49' title='bbox 249 788 349 844; x_wconf 89' lang='lat' dir='ltr'><strong>pede</strong></span> <span class='ocrx_word' id='word_1_50' title='bbox 373 801 449 829; x_wconf 84' lang='lat' dir='ltr'><strong>tres</strong></span> <span class='ocrx_word' id='word_1_51' title='bbox 467 787 549 827; x_wconf 82' lang='lat' dir='ltr'><strong>illos</strong></span> <span class='ocrx_word' id='word_1_52' title='bbox 566 779 884 843; x_wconf 73' lang='lat' dir='ltr'><strong>philosophantes</strong></span> <span class='ocrx_word' id='word_1_53' title='bbox 899 789 1021 842; x_wconf 85' lang='lat' dir='ltr'><strong>sequi.</strong></span> <span class='ocrx_word' id='word_1_54' title='bbox 1049 789 1189 828; x_wconf 80' lang='lat' dir='ltr'><strong>Breves</strong></span> <span class='ocrx_word' id='word_1_55' title='bbox 1207 800 1288 826; x_wconf 88' lang='lat' dir='ltr'><strong>esse</strong></span> <span class='ocrx_word' id='word_1_56' title='bbox 1298 801 1423 841; x_wconf 83' lang='lat' dir='ltr'><strong>opor-</strong></span> 
     </span>
     <span class='ocr_line' id='line_1_9' title="bbox 250 856 1427 911; baseline -0.003 -13"><span class='ocrx_word' id='word_1_57' title='bbox 250 869 316 898; x_wconf 85' lang='lat' dir='ltr'><strong>tet.</strong></span> <span class='ocrx_word' id='word_1_58' title='bbox 359 857 495 911; x_wconf 84' lang='lat' dir='ltr'><strong>Quare</strong></span> <span class='ocrx_word' id='word_1_59' title='bbox 520 857 798 896; x_wconf 85' lang='lat' dir='ltr'><strong>sententiarum</strong></span> <span class='ocrx_word' id='word_1_60' title='bbox 821 856 940 907; x_wconf 83' lang='lat' dir='ltr'><strong>magis</strong></span> <span class='ocrx_word' id='word_1_61' title='bbox 957 870 1158 906; x_wconf 83' lang='lat' dir='ltr'><strong>summam,</strong></span> <span class='ocrx_word' id='word_1_62' title='bbox 1187 870 1308 911; x_wconf 83' lang='lat' dir='ltr'><strong>quam</strong></span> <span class='ocrx_word' id='word_1_63' title='bbox 1323 856 1427 910; x_wconf 88' lang='lat' dir='ltr'><strong>ipsos</strong></span> 
     </span>
     <span class='ocr_line' id='line_1_10' title="bbox 250 926 1423 982; baseline -0.001 -15"><span class='ocrx_word' id='word_1_64' title='bbox 250 927 528 982; x_wconf 81' lang='lat' dir='ltr'><strong>disputantium</strong></span> <span class='ocrx_word' id='word_1_65' title='bbox 544 926 752 965; x_wconf 84' lang='lat' dir='ltr'><strong>referemus</strong></span> <span class='ocrx_word' id='word_1_66' title='bbox 770 939 980 964; x_wconf 87' lang='lat' dir='ltr'><strong>sermones.</strong></span> <span class='ocrx_word' id='word_1_67' title='bbox 1023 926 1141 976; x_wconf 76' lang='lat' dir='ltr'><strong>Legat</strong></span> <span class='ocrx_word' id='word_1_68' title='bbox 1152 927 1398 966; x_wconf 71' lang='lat' dir='ltr'>PLATONEM</span> <span class='ocrx_word' id='word_1_69' title='bbox 1411 955 1423 976; x_wconf 90' lang='lat'>,</span> 
     </span>
     <span class='ocr_line' id='line_1_11' title="bbox 251 993 1423 1050; baseline 0 -15"><span class='ocrx_word' id='word_1_70' title='bbox 251 997 321 1050; x_wconf 86' lang='lat' dir='ltr'><strong>qui</strong></span> <span class='ocrx_word' id='word_1_71' title='bbox 345 1010 498 1035; x_wconf 83' lang='lat' dir='ltr'><strong>suavem</strong></span> <span class='ocrx_word' id='word_1_72' title='bbox 523 995 618 1035; x_wconf 81' lang='lat' dir='ltr'><strong>velit</strong></span> <span class='ocrx_word' id='word_1_73' title='bbox 642 994 746 1034; x_wconf 82' lang='lat' dir='ltr'><strong>illam</strong></span> <span class='ocrx_word' id='word_1_74' title='bbox 772 993 931 1034; x_wconf 80' lang='lat' dir='ltr'><strong>dicendi</strong></span> <span class='ocrx_word' id='word_1_75' title='bbox 959 995 1111 1050; x_wconf 85' lang='lat' dir='ltr'><strong>copiam</strong></span> <span class='ocrx_word' id='word_1_76' title='bbox 1125 1025 1136 1045; x_wconf 92' lang='lat'><strong><em>‚</em></strong></span> <span class='ocrx_word' id='word_1_77' title='bbox 1166 998 1263 1050; x_wconf 55' lang='lat' dir='ltr'><strong>quae</strong></span> <span class='ocrx_word' id='word_1_78' title='bbox 1289 996 1333 1034; x_wconf 87' lang='lat' dir='ltr'><strong>in</strong></span> <span class='ocrx_word' id='word_1_79' title='bbox 1360 1006 1423 1035; x_wconf 81' lang='lat' dir='ltr'><strong>ta-</strong></span> 
     </span>
     <span class='ocr_line' id='line_1_12' title="bbox 250 1061 1423 1117; baseline -0.002 -13"><span class='ocrx_word' id='word_1_80' title='bbox 250 1064 351 1104; x_wconf 81' lang='lat' dir='ltr'><strong>libus</strong></span> <span class='ocrx_word' id='word_1_81' title='bbox 391 1065 508 1103; x_wconf 82' lang='lat' dir='ltr'><strong>etiam</strong></span> <span class='ocrx_word' id='word_1_82' title='bbox 547 1062 735 1102; x_wconf 88' lang='lat' dir='ltr'><strong>lectorem</strong></span> <span class='ocrx_word' id='word_1_83' title='bbox 776 1064 889 1117; x_wconf 84' lang='lat' dir='ltr'><strong>capit.</strong></span> <span class='ocrx_word' id='word_1_84' title='bbox 937 1063 1018 1102; x_wconf 81' lang='lat' dir='ltr'><strong>Hae</strong></span> <span class='ocrx_word' id='word_1_85' title='bbox 1055 1062 1138 1102; x_wconf 86' lang='lat' dir='ltr'><strong>fere</strong></span> <span class='ocrx_word' id='word_1_86' title='bbox 1164 1074 1257 1102; x_wconf 86' lang='lat' dir='ltr'><strong>sunt</strong></span> <span class='ocrx_word' id='word_1_87' title='bbox 1282 1061 1423 1117; x_wconf 84' lang='lat' dir='ltr'><strong>dispu-</strong></span> 
     </span>
     <span class='ocr_line' id='line_1_13' title="bbox 251 1130 773 1172; baseline -0.006 0"><span class='ocrx_word' id='word_1_88' title='bbox 251 1132 413 1172; x_wconf 80' lang='lat' dir='ltr'><strong>tantium</strong></span> <span class='ocrx_word' id='word_1_89' title='bbox 440 1130 773 1170; x_wconf 78' lang='lat' dir='ltr'><strong>ratiocinationes:</strong></span> 
     </span>
    </p>

    <p class='ocr_par' dir='ltr' id='par_1_4' title="bbox 247 1197 1427 2428">
     <span class='ocr_line' id='line_1_14' title="bbox 304 1197 1423 1249; baseline -0.003 -9"><span class='ocrx_word' id='word_1_90' title='bbox 304 1201 449 1240; x_wconf 88' lang='lat' dir='ltr'><strong>Rerum</strong></span> <span class='ocrx_word' id='word_1_91' title='bbox 490 1197 584 1239; x_wconf 81' lang='lat' dir='ltr'><strong>aliae</strong></span> <span class='ocrx_word' id='word_1_92' title='bbox 624 1199 800 1247; x_wconf 82' lang='grc' dir='ltr'><strong>μένουσιν,</strong></span> <span class='ocrx_word' id='word_1_93' title='bbox 843 1198 1057 1249; x_wconf 59' lang='lat' dir='ltr'><strong>gernum-1113</strong></span> <span class='ocrx_word' id='word_1_94' title='bbox 1093 1203 1263 1240; x_wconf 69' lang='grc' dir='ltr'><strong>κινοῦνται</strong></span> <span class='ocrx_word' id='word_1_95' title='bbox 1304 1199 1423 1246; x_wconf 71' lang='lat' dir='ltr'><strong>aliae3</strong></span> 
     </span>
     <span class='ocr_line' id='line_1_15' title="bbox 250 1267 1425 1323; baseline -0.002 -14"><span class='ocrx_word' id='word_1_96' title='bbox 250 1269 299 1309; x_wconf 87' lang='lat' dir='ltr'><strong>fit</strong></span> <span class='ocrx_word' id='word_1_97' title='bbox 323 1279 431 1308; x_wconf 85' lang='lat' dir='ltr'><strong>motu</strong></span> <span class='ocrx_word' id='word_1_98' title='bbox 456 1267 613 1318; x_wconf 68' lang='grc' dir='ltr'><strong>γένεσιςς</strong></span> <span class='ocrx_word' id='word_1_99' title='bbox 645 1267 753 1323; x_wconf 85' lang='lat' dir='ltr'><strong>quod</strong></span> <span class='ocrx_word' id='word_1_100' title='bbox 779 1267 889 1316; x_wconf 84' lang='grc' dir='ltr'><strong>μένει,</strong></span> <span class='ocrx_word' id='word_1_101' title='bbox 910 1278 968 1307; x_wconf 84' lang='lat' dir='ltr'><strong>est</strong></span> <span class='ocrx_word' id='word_1_102' title='bbox 985 1268 1086 1312; x_wconf 77' lang='grc' dir='ltr'><em>ὅντως</em></span> <span class='ocrx_word' id='word_1_103' title='bbox 1107 1268 1152 1308; x_wconf 80' lang='grc' dir='ltr'><strong>ὅν.</strong></span> <span class='ocrx_word' id='word_1_104' title='bbox 1192 1269 1260 1308; x_wconf 87' lang='lat' dir='ltr'><strong>Est</strong></span> <span class='ocrx_word' id='word_1_105' title='bbox 1277 1278 1425 1316; x_wconf 86' lang='lat' dir='ltr'><strong>motus,</strong></span> 
     </span>
     <span class='ocr_line' id='line_1_16' title="bbox 250 1337 1424 1395; baseline -0.002 -17"><span class='ocrx_word' id='word_1_106' title='bbox 250 1340 319 1395; x_wconf 85' lang='lat' dir='ltr'><strong>qui</strong></span> <span class='ocrx_word' id='word_1_107' title='bbox 344 1338 416 1378; x_wconf 85' lang='lat' dir='ltr'><strong>alia</strong></span> <span class='ocrx_word' id='word_1_108' title='bbox 442 1352 599 1377; x_wconf 89' lang='lat' dir='ltr'><strong>movere</strong></span> <span class='ocrx_word' id='word_1_109' title='bbox 627 1347 782 1391; x_wconf 84' lang='lat' dir='ltr'><strong>potest,</strong></span> <span class='ocrx_word' id='word_1_110' title='bbox 813 1351 852 1375; x_wconf 94' lang='lat' dir='ltr'><strong>se</strong></span> <span class='ocrx_word' id='word_1_111' title='bbox 872 1337 957 1391; x_wconf 89' lang='lat' dir='ltr'><strong>ipse</strong></span> <span class='ocrx_word' id='word_1_112' title='bbox 976 1352 1059 1377; x_wconf 93' lang='lat' dir='ltr'><strong>non</strong></span> <span class='ocrx_word' id='word_1_113' title='bbox 1076 1348 1229 1391; x_wconf 80' lang='lat' dir='ltr'><strong>potest3</strong></span> <span class='ocrx_word' id='word_1_114' title='bbox 1260 1348 1315 1377; x_wconf 91' lang='lat' dir='ltr'><strong>est</strong></span> <span class='ocrx_word' id='word_1_115' title='bbox 1332 1352 1424 1377; x_wconf 87' lang='lat' dir='ltr'><strong>vero</strong></span> 
     </span>
     <span class='ocr_line' id='line_1_17' title="bbox 251 1406 1427 1462; baseline -0.003 -14"><span class='ocrx_word' id='word_1_116' title='bbox 251 1408 391 1457; x_wconf 79' lang='lat' dir='ltr'><strong>etiam,</strong></span> <span class='ocrx_word' id='word_1_117' title='bbox 421 1407 489 1461; x_wconf 86' lang='lat' dir='ltr'><strong>qui</strong></span> <span class='ocrx_word' id='word_1_118' title='bbox 514 1420 554 1445; x_wconf 91' lang='lat' dir='ltr'><strong>se</strong></span> <span class='ocrx_word' id='word_1_119' title='bbox 580 1407 664 1461; x_wconf 86' lang='lat' dir='ltr'><strong>ipse</strong></span> <span class='ocrx_word' id='word_1_120' title='bbox 691 1407 837 1461; x_wconf 83' lang='lat' dir='ltr'><strong>pariter</strong></span> <span class='ocrx_word' id='word_1_121' title='bbox 863 1416 903 1446; x_wconf 86' lang='lat' dir='ltr'><strong>et</strong></span> <span class='ocrx_word' id='word_1_122' title='bbox 927 1406 998 1445; x_wconf 81' lang='lat' dir='ltr'><strong>alia</strong></span> <span class='ocrx_word' id='word_1_123' title='bbox 1013 1417 1149 1446; x_wconf 88' lang='lat' dir='ltr'><strong>movet.</strong></span> <span class='ocrx_word' id='word_1_124' title='bbox 1191 1407 1262 1445; x_wconf 88' lang='lat' dir='ltr'><strong>Hic</strong></span> <span class='ocrx_word' id='word_1_125' title='bbox 1276 1409 1427 1462; x_wconf 87' lang='lat' dir='ltr'><strong>primus</strong></span> 
     </span>
     <span class='ocr_line' id='line_1_18' title="bbox 249 1475 1427 1530; baseline -0.003 -13"><span class='ocrx_word' id='word_1_126' title='bbox 249 1486 306 1517; x_wconf 85' lang='lat' dir='ltr'><strong>est</strong></span> <span class='ocrx_word' id='word_1_127' title='bbox 331 1488 371 1517; x_wconf 89' lang='lat' dir='ltr'><strong>et</strong></span> <span class='ocrx_word' id='word_1_128' title='bbox 397 1476 521 1530; x_wconf 86' lang='lat' dir='ltr'><strong>omnis</strong></span> <span class='ocrx_word' id='word_1_129' title='bbox 549 1476 677 1516; x_wconf 76' lang='lat' dir='ltr'><strong>mott‘is</strong></span> <span class='ocrx_word' id='word_1_130' title='bbox 704 1476 869 1516; x_wconf 78' lang='lat' dir='ltr'><strong>initium.</strong></span> <span class='ocrx_word' id='word_1_131' title='bbox 912 1475 954 1516; x_wconf 87' lang='lat' dir='ltr'><strong>Si</strong></span> <span class='ocrx_word' id='word_1_132' title='bbox 981 1477 1095 1528; x_wconf 85' lang='lat' dir='ltr'><strong>igitur</strong></span> <span class='ocrx_word' id='word_1_133' title='bbox 1121 1490 1208 1516; x_wconf 88' lang='lat' dir='ltr'><strong>cum</strong></span> <span class='ocrx_word' id='word_1_134' title='bbox 1226 1475 1427 1516; x_wconf 84' lang='lat' dir='ltr'><strong>nonnullis</strong></span> 
     </span>
     <span class='ocr_line' id='line_1_19' title="bbox 249 1542 1424 1598; baseline 0.001 -15"><span class='ocrx_word' id='word_1_135' title='bbox 249 1545 458 1596; x_wconf 86' lang='lat' dir='ltr'><strong>fingamus,</strong></span> <span class='ocrx_word' id='word_1_136' title='bbox 486 1545 619 1584; x_wconf 87' lang='lat' dir='ltr'><strong>omnia</strong></span> <span class='ocrx_word' id='word_1_137' title='bbox 632 1542 843 1598; x_wconf 76' lang='lat' dir='ltr'><strong>aliquando</strong></span> <span class='ocrx_word' id='word_1_138' title='bbox 868 1545 954 1591; x_wconf 77' lang='grc' dir='ltr'><strong><em>ὅμοῦ</em></strong></span> <span class='ocrx_word' id='word_1_139' title='bbox 976 1545 1152 1592; x_wconf 73' lang='grc' dir='ltr'><strong>γενόμενοι</strong></span> <span class='ocrx_word' id='word_1_140' title='bbox 1172 1546 1328 1584; x_wconf 86' lang='lat' dir='ltr'><strong>immota</strong></span> <span class='ocrx_word' id='word_1_141' title='bbox 1342 1555 1424 1584; x_wconf 85' lang='lat' dir='ltr'><strong>ste-</strong></span> 
     </span>
     <span class='ocr_line' id='line_1_20' title="bbox 249 1599 1427 1668; baseline -0.001 -15"><span class='ocrx_word' id='word_1_142' title='bbox 249 1599 361 1664; x_wconf 63' lang='lat' dir='ltr'><strong>tisse,</strong></span> <span class='ocrx_word' id='word_1_143' title='bbox 400 1614 548 1668; x_wconf 86' lang='lat' dir='ltr'><strong>primus</strong></span> <span class='ocrx_word' id='word_1_144' title='bbox 588 1626 720 1651; x_wconf 89' lang='lat' dir='ltr'><strong>eorum</strong></span> <span class='ocrx_word' id='word_1_145' title='bbox 759 1623 881 1652; x_wconf 87' lang='lat' dir='ltr'><strong>motus</strong></span> <span class='ocrx_word' id='word_1_146' title='bbox 918 1612 1036 1653; x_wconf 82' lang='lat' dir='ltr'><strong>fuerit</strong></span> <span class='ocrx_word' id='word_1_147' title='bbox 1073 1627 1228 1653; x_wconf 87' lang='lat' dir='ltr'><strong>necesse</strong></span> <span class='ocrx_word' id='word_1_148' title='bbox 1255 1624 1313 1654; x_wconf 86' lang='lat' dir='ltr'><strong>est</strong></span> <span class='ocrx_word' id='word_1_149' title='bbox 1337 1613 1427 1663; x_wconf 82' lang='lat' dir='ltr'><strong>ille,</strong></span> 
     </span>
     <span class='ocr_line' id='line_1_21' title="bbox 252 1681 1426 1736; baseline 0 -16"><span class='ocrx_word' id='word_1_150' title='bbox 252 1683 321 1736; x_wconf 86' lang='lat' dir='ltr'><strong>qui</strong></span> <span class='ocrx_word' id='word_1_151' title='bbox 357 1696 397 1720; x_wconf 88' lang='lat' dir='ltr'><strong>se</strong></span> <span class='ocrx_word' id='word_1_152' title='bbox 420 1683 514 1735; x_wconf 75' lang='lat' dir='ltr'><strong>ipse</strong></span> <span class='ocrx_word' id='word_1_153' title='bbox 551 1691 691 1720; x_wconf 86' lang='lat' dir='ltr'><strong>movet.</strong></span> <span class='ocrx_word' id='word_1_154' title='bbox 742 1681 816 1720; x_wconf 90' lang='lat' dir='ltr'><strong>Hic</strong></span> <span class='ocrx_word' id='word_1_155' title='bbox 832 1681 934 1720; x_wconf 84' lang='lat' dir='ltr'><strong>item</strong></span> <span class='ocrx_word' id='word_1_156' title='bbox 961 1682 1242 1731; x_wconf 71' lang='grc' dir='ltr'><em>ἔῤῥωμενέστωτη</em></span> <span class='ocrx_word' id='word_1_157' title='bbox 1266 1682 1342 1722; x_wconf 79' lang='grc' dir='ltr'><strong><em>ἔστι</em></strong></span> <span class='ocrx_word' id='word_1_158' title='bbox 1364 1683 1426 1721; x_wconf 73' lang='grc' dir='ltr'><strong>καὶ</strong></span> 
     </span>
     <span class='ocr_line' id='line_1_22' title="bbox 257 1748 1427 1805; baseline -0.001 -16"><span class='ocrx_word' id='word_1_159' title='bbox 257 1750 490 1799; x_wconf 66' lang='grc' dir='ltr'><strong>διαφερόντως</strong></span> <span class='ocrx_word' id='word_1_160' title='bbox 513 1749 689 1798; x_wconf 71' lang='grc' dir='ltr'><strong>πρακτικὴ</strong></span> <span class='ocrx_word' id='word_1_161' title='bbox 711 1750 841 1795; x_wconf 72' lang='grc' dir='ltr'><strong>κινήσις</strong></span> <span class='ocrx_word' id='word_1_162' title='bbox 854 1777 866 1797; x_wconf 85' lang='grc'><strong>,</strong></span> <span class='ocrx_word' id='word_1_163' title='bbox 904 1764 1024 1805; x_wconf 85' lang='lat' dir='ltr'><strong>quare</strong></span> <span class='ocrx_word' id='word_1_164' title='bbox 1056 1749 1222 1803; x_wconf 73' lang='lat' dir='ltr'><strong>optimus</strong></span> <span class='ocrx_word' id='word_1_165' title='bbox 1248 1748 1361 1788; x_wconf 87' lang='lat' dir='ltr'><strong>simul</strong></span> <span class='ocrx_word' id='word_1_166' title='bbox 1388 1760 1427 1788; x_wconf 86' lang='lat' dir='ltr'><strong>et</strong></span> 
     </span>
     <span class='ocr_line' id='line_1_23' title="bbox 248 1808 1425 1872; baseline -0.002 -14"><span class='ocrx_word' id='word_1_167' title='bbox 248 1808 537 1872; x_wconf 80' lang='lat' dir='ltr'><strong>antiquissimus</strong></span> <span class='ocrx_word' id='word_1_168' title='bbox 579 1816 740 1857; x_wconf 80' lang='lat' dir='ltr'><strong>dicatur.</strong></span> <span class='ocrx_word' id='word_1_169' title='bbox 799 1818 879 1858; x_wconf 90' lang='lat' dir='ltr'><strong>Ubi</strong></span> <span class='ocrx_word' id='word_1_170' title='bbox 919 1819 1025 1858; x_wconf 87' lang='lat' dir='ltr'><strong>hune</strong></span> <span class='ocrx_word' id='word_1_171' title='bbox 1064 1819 1189 1858; x_wconf 84' lang='lat' dir='ltr'><strong>inesse</strong></span> <span class='ocrx_word' id='word_1_172' title='bbox 1231 1819 1425 1859; x_wconf 84' lang='lat' dir='ltr'><strong>cernimus</strong></span> 
     </span>
     <span class='ocr_line' id='line_1_24' title="bbox 249 1884 1425 1941; baseline -0.003 -14"><span class='ocrx_word' id='word_1_173' title='bbox 249 1897 419 1936; x_wconf 86' lang='lat' dir='ltr'><strong>motum,</strong></span> <span class='ocrx_word' id='word_1_174' title='bbox 446 1887 504 1925; x_wconf 90' lang='lat' dir='ltr'><strong>ibi</strong></span> <span class='ocrx_word' id='word_1_175' title='bbox 530 1887 648 1925; x_wconf 85' lang='lat' dir='ltr'><strong>vitam</strong></span> <span class='ocrx_word' id='word_1_176' title='bbox 673 1884 802 1924; x_wconf 80' lang='lat' dir='ltr'><strong>adesse</strong></span> <span class='ocrx_word' id='word_1_177' title='bbox 829 1884 1022 1937; x_wconf 78' lang='lat' dir='ltr'><strong>dicimus3</strong></span> <span class='ocrx_word' id='word_1_178' title='bbox 1053 1886 1163 1941; x_wconf 87' lang='lat' dir='ltr'><strong>quod</strong></span> <span class='ocrx_word' id='word_1_179' title='bbox 1191 1888 1304 1937; x_wconf 86' lang='lat' dir='ltr'><strong>vivit,</strong></span> <span class='ocrx_word' id='word_1_180' title='bbox 1335 1887 1425 1925; x_wconf 89' lang='lat' dir='ltr'><strong>ani-</strong></span> 
     </span>
     <span class='ocr_line' id='line_1_25' title="bbox 249 1955 1426 2008; baseline -0.002 -11"><span class='ocrx_word' id='word_1_181' title='bbox 249 1971 355 1997; x_wconf 88' lang='lat' dir='ltr'><strong>mum</strong></span> <span class='ocrx_word' id='word_1_182' title='bbox 383 1957 581 1996; x_wconf 87' lang='lat' dir='ltr'><strong>continere</strong></span> <span class='ocrx_word' id='word_1_183' title='bbox 608 1970 826 1995; x_wconf 87' lang='lat' dir='ltr'><strong>censemus:</strong></span> <span class='ocrx_word' id='word_1_184' title='bbox 858 1966 915 1995; x_wconf 89' lang='lat' dir='ltr'><strong>est</strong></span> <span class='ocrx_word' id='word_1_185' title='bbox 940 1957 1057 2008; x_wconf 82' lang='lat' dir='ltr'><strong>igitur</strong></span> <span class='ocrx_word' id='word_1_186' title='bbox 1083 1957 1231 1996; x_wconf 80' lang='lat' dir='ltr'><strong>animus</strong></span> <span class='ocrx_word' id='word_1_187' title='bbox 1256 1955 1362 1996; x_wconf 88' lang='lat' dir='ltr'><strong>idem</strong></span> <span class='ocrx_word' id='word_1_188' title='bbox 1382 1970 1426 1995; x_wconf 79' lang='lat' dir='ltr'><strong>ac</strong></span> 
     </span>
     <span class='ocr_line' id='line_1_26' title="bbox 250 2024 1427 2082; baseline -0.001 -16"><span class='ocrx_word' id='word_1_189' title='bbox 250 2028 397 2082; x_wconf 87' lang='lat' dir='ltr'><strong>primus</strong></span> <span class='ocrx_word' id='word_1_190' title='bbox 426 2024 490 2064; x_wconf 85' lang='lat' dir='ltr'><strong>ille</strong></span> <span class='ocrx_word' id='word_1_191' title='bbox 519 2036 645 2065; x_wconf 89' lang='lat' dir='ltr'><strong>motus</strong></span> <span class='ocrx_word' id='word_1_192' title='bbox 659 2054 670 2074; x_wconf 93' lang='lat'>‚</span> <span class='ocrx_word' id='word_1_193' title='bbox 711 2035 751 2065; x_wconf 87' lang='lat' dir='ltr'><strong>et</strong></span> <span class='ocrx_word' id='word_1_194' title='bbox 776 2026 797 2070; x_wconf 79' lang='grc' dir='ltr'><strong><em>ἧ</em></strong></span> <span class='ocrx_word' id='word_1_195' title='bbox 820 2026 938 2075; x_wconf 78' lang='grc' dir='ltr'>πρώτη</span> <span class='ocrx_word' id='word_1_196' title='bbox 961 2025 1098 2072; x_wconf 72' lang='grc' dir='ltr'><strong>γένεσις</strong></span> <span class='ocrx_word' id='word_1_197' title='bbox 1121 2025 1183 2066; x_wconf 69' lang='lat' dir='ltr'><strong>nac?</strong></span> <span class='ocrx_word' id='word_1_198' title='bbox 1208 2026 1338 2072; x_wconf 77' lang='grc' dir='ltr'><strong>κινήσις</strong></span> <span class='ocrx_word' id='word_1_199' title='bbox 1360 2029 1427 2065; x_wconf 77' lang='grc' dir='ltr'><strong>τῶν</strong></span> 
     </span>
     <span class='ocr_line' id='line_1_27' title="bbox 250 2089 1426 2143; baseline -0.001 -8"><span class='ocrx_word' id='word_1_200' title='bbox 250 2111 291 2135; x_wconf 84' lang='grc' dir='ltr'><strong>τε</strong></span> <span class='ocrx_word' id='word_1_201' title='bbox 310 2096 413 2136; x_wconf 79' lang='grc' dir='ltr'><em>ὄντων</em></span> <span class='ocrx_word' id='word_1_202' title='bbox 439 2089 503 2134; x_wconf 55' lang='lat' dir='ltr'><strong>xm*</strong></span> <span class='ocrx_word' id='word_1_203' title='bbox 528 2095 725 2140; x_wconf 72' lang='grc' dir='ltr'><em>γεγονότων</em></span> <span class='ocrx_word' id='word_1_204' title='bbox 751 2094 814 2134; x_wconf 70' lang='lat' dir='ltr'><strong>xa)</strong></span> <span class='ocrx_word' id='word_1_205' title='bbox 841 2095 1012 2143; x_wconf 81' lang='grc' dir='ltr'><em>ἐσομένων</em></span> <span class='ocrx_word' id='word_1_206' title='bbox 1033 2096 1095 2136; x_wconf 68' lang='grc' dir='ltr'><strong>καὶ</strong></span> <span class='ocrx_word' id='word_1_207' title='bbox 1120 2096 1261 2136; x_wconf 65' lang='grc' dir='ltr'><em>πάντων</em></span> <span class='ocrx_word' id='word_1_208' title='bbox 1282 2094 1330 2135; x_wconf 75' lang='grc' dir='ltr'><strong>αὖ</strong></span> <span class='ocrx_word' id='word_1_209' title='bbox 1358 2097 1426 2136; x_wconf 77' lang='grc' dir='ltr'><strong>τῶν</strong></span> 
     </span>
     <span class='ocr_line' id='line_1_28' title="bbox 250 2163 1425 2220; baseline -0.001 -15"><span class='ocrx_word' id='word_1_210' title='bbox 250 2164 412 2205; x_wconf 68' lang='grc' dir='ltr'><em>ἐναντίων</em></span> <span class='ocrx_word' id='word_1_211' title='bbox 432 2164 577 2208; x_wconf 78' lang='grc' dir='ltr'><strong>τούτοις.</strong></span> <span class='ocrx_word' id='word_1_212' title='bbox 618 2164 750 2203; x_wconf 80' lang='lat' dir='ltr'><strong>Motus</strong></span> <span class='ocrx_word' id='word_1_213' title='bbox 777 2164 917 2215; x_wconf 82' lang='lat' dir='ltr'><strong>igitur,</strong></span> <span class='ocrx_word' id='word_1_214' title='bbox 946 2165 1015 2220; x_wconf 86' lang='lat' dir='ltr'><strong>qui</strong></span> <span class='ocrx_word' id='word_1_215' title='bbox 1044 2166 1092 2204; x_wconf 88' lang='lat' dir='ltr'><strong>ab</strong></span> <span class='ocrx_word' id='word_1_216' title='bbox 1121 2163 1193 2204; x_wconf 88' lang='lat' dir='ltr'><strong>alio</strong></span> <span class='ocrx_word' id='word_1_217' title='bbox 1219 2165 1260 2203; x_wconf 90' lang='lat' dir='ltr'><strong>in</strong></span> <span class='ocrx_word' id='word_1_218' title='bbox 1273 2164 1346 2204; x_wconf 85' lang='lat' dir='ltr'><strong>alio</strong></span> <span class='ocrx_word' id='word_1_219' title='bbox 1357 2164 1425 2213; x_wconf 87' lang='lat' dir='ltr'><strong>fit,</strong></span> 
     </span>
     <span class='ocr_line' id='line_1_29' title="bbox 247 2232 1426 2290; baseline 0 -16"><span class='ocrx_word' id='word_1_220' title='bbox 247 2232 320 2274; x_wconf 80' lang='lat' dir='ltr'><strong>sed·</strong></span> <span class='ocrx_word' id='word_1_221' title='bbox 345 2249 424 2290; x_wconf 89' lang='lat' dir='ltr'><strong>quo</strong></span> <span class='ocrx_word' id='word_1_222' title='bbox 450 2232 547 2273; x_wconf 84' lang='lat' dir='ltr'><strong>nihil</strong></span> <span class='ocrx_word' id='word_1_223' title='bbox 573 2248 613 2273; x_wconf 89' lang='lat' dir='ltr'><strong>se</strong></span> <span class='ocrx_word' id='word_1_224' title='bbox 640 2234 720 2288; x_wconf 87' lang='lat' dir='ltr'><strong>ipse</strong></span> <span class='ocrx_word' id='word_1_225' title='bbox 739 2244 889 2282; x_wconf 88' lang='lat' dir='ltr'><strong>movet,</strong></span> <span class='ocrx_word' id='word_1_226' title='bbox 920 2234 1110 2274; x_wconf 88' lang='lat' dir='ltr'><strong>secundus</strong></span> <span class='ocrx_word' id='word_1_227' title='bbox 1128 2245 1211 2285; x_wconf 92' lang='lat' dir='ltr'><strong>est,</strong></span> <span class='ocrx_word' id='word_1_228' title='bbox 1242 2234 1300 2274; x_wconf 90' lang='lat' dir='ltr'><strong>vel</strong></span> <span class='ocrx_word' id='word_1_229' title='bbox 1322 2245 1426 2274; x_wconf 85' lang='lat' dir='ltr'><strong>certe</strong></span> 
     </span>
     <span class='ocr_line' id='line_1_30' title="bbox 248 2302 1424 2360; baseline 0.003 -19"><span class='ocrx_word' id='word_1_230' title='bbox 248 2303 376 2357; x_wconf 88' lang='lat' dir='ltr'><strong>primo</strong></span> <span class='ocrx_word' id='word_1_231' title='bbox 406 2303 624 2359; x_wconf 81' lang='lat' dir='ltr'><strong>posterior3</strong></span> <span class='ocrx_word' id='word_1_232' title='bbox 656 2314 694 2343; x_wconf 86' lang='lat' dir='ltr'><strong>et</strong></span> <span class='ocrx_word' id='word_1_233' title='bbox 721 2302 786 2343; x_wconf 86' lang='lat' dir='ltr'><strong>hic</strong></span> <span class='ocrx_word' id='word_1_234' title='bbox 812 2314 872 2343; x_wconf 85' lang='lat' dir='ltr'><strong>est</strong></span> <span class='ocrx_word' id='word_1_235' title='bbox 901 2306 1076 2360; x_wconf 87' lang='lat' dir='ltr'><strong>corporis</strong></span> <span class='ocrx_word' id='word_1_236' title='bbox 1103 2305 1266 2344; x_wconf 89' lang='lat' dir='ltr'><strong>inanimi</strong></span> <span class='ocrx_word' id='word_1_237' title='bbox 1285 2315 1424 2344; x_wconf 88' lang='lat' dir='ltr'><strong>motus.</strong></span> 
     </span>
     <span class='ocr_line' id='line_1_31' title="bbox 248 2371 1427 2428; baseline 0.001 -14"><span class='ocrx_word' id='word_1_238' title='bbox 248 2372 450 2414; x_wconf 80' lang='lat' dir='ltr'><strong>verissime</strong></span> <span class='ocrx_word' id='word_1_239' title='bbox 477 2384 682 2428; x_wconf 87' lang='lat' dir='ltr'><strong>propterea</strong></span> <span class='ocrx_word' id='word_1_240' title='bbox 710 2371 1002 2416; x_wconf 86' lang='lat' dir='ltr'><strong>contendimus:</strong></span> <span class='ocrx_word' id='word_1_241' title='bbox 1033 2374 1157 2425; x_wconf 71' lang='grc' dir='ltr'><em>ψυχὴν</em></span> <span class='ocrx_word' id='word_1_242' title='bbox 1178 2375 1245 2424; x_wconf 78' lang='grc' dir='ltr'><strong>μὲν</strong></span> <span class='ocrx_word' id='word_1_243' title='bbox 1259 2375 1427 2424; x_wconf 74' lang='grc' dir='ltr'><strong>προτέραν</strong></span> 
     </span>
    </p>
   </div>
   <div class='ocr_carea' id='block_1_3' title="bbox 260 2474 472 2481">
    <p class='ocr_par' dir='ltr' id='par_1_5' title="bbox 260 2474 472 2481">
     <span class='ocr_line' id='line_1_32' title="bbox 260 2474 472 2481; baseline 0 0"><span class='ocrx_word' id='word_1_244' title='bbox 260 2474 472 2481; x_wconf 95' lang='lat' dir='ltr'><strong> </strong></span> 
     </span>
    </p>
   </div>
   <div class='ocr_carea' id='block_1_4' title="bbox 291 2526 609 2567">
    <p class='ocr_par' dir='ltr' id='par_1_6' title="bbox 291 2526 609 2567">
     <span class='ocr_line' id='line_1_33' title="bbox 291 2526 609 2567; baseline 0.003 -9"><span class='ocrx_word' id='word_1_245' title='bbox 291 2526 342 2567; x_wconf 82' lang='grc'><strong>(5)</strong></span> <span class='ocrx_word' id='word_1_246' title='bbox 363 2537 392 2566; x_wconf 84' lang='lat' dir='ltr'><strong>p.</strong></span> <span class='ocrx_word' id='word_1_247' title='bbox 415 2526 488 2567; x_wconf 82' lang='lat'><strong>892.</strong></span> <span class='ocrx_word' id='word_1_248' title='bbox 510 2526 550 2559; x_wconf 88' lang='lat' dir='ltr'><strong>D.</strong></span> <span class='ocrx_word' id='word_1_249' title='bbox 573 2527 609 2560; x_wconf 78' lang='lat' dir='ltr'><strong>E.</strong></span> 
     </span>
    </p>
   </div>
  </div>
 </body>
</html>
