1700 3064
748 260 963 300 ...40-

269 386 423 430 partem
448 376 642 417 attexitote
679 376 889 416 mortalem.
927 377 983 415 Ita
1011 378 1183 418 orientur
1207 379 1441 428 animantem·

269 460 372 500 quos
398 457 438 485 et
464 447 570 485 vivos
597 446 699 486 alatis
725 457 765 485 et
792 457 1010 489 consumtus
1035 446 1124 485 sinu
1149 448 1386 502 recipiatis-’⁹
1411 489 1415 494 ,

321 515 424 553 Haec
462 512 526 552 ille
565 512 675 553 dixit.
730 512 886 553 Deinde
913 512 1121 568 superioris
1145 515 1442 567 permixtionis,

268 583 347 635 qua
395 582 568 622 animum
607 584 806 636 universae
845 595 1003 623 naturae
1040 592 1258 635 temperans
1286 584 1440 635 permi-

262 658 418 688 scuerat
432 676 464 697 ,,
488 648 668 704 reliquias
706 648 870 700 effudit,
899 649 1034 690 eadem
1059 648 1179 689 ferme
1205 649 1352 689 ratione
1380 663 1443 689 eas

266 718 436 759 miscens
449 747 462 768 ‚
503 719 575 757 nisi
616 717 723 772 quod
760 733 845 759 non
886 720 940 758 ita
976 719 1219 772 incorruptas
1255 718 1442 756 sumebat.

265 784 470 825 Sideribus
507 800 631 839 porro
661 786 807 825 animos
847 785 1048 826 distribuit
1061 817 1074 837 ‚
1115 797 1154 826 ct
1190 787 1240 825 ita
1266 785 1376 840 quasi
1400 784 1444 823 in

265 869 426 894 currum
478 854 663 907 impositis
710 855 879 895 universi
917 865 1092 894 naturam
1132 853 1444 894 commonstravit

266 921 445 974 legesque
471 919 630 974 fatales3
659 935 781 961 unum
806 922 952 962 scilicet
977 922 1064 962 fore
1097 924 1275 961 omnibus
1292 931 1443 972 ortum,
1484 939 1487 941 ·

264 988 336 1029 sed
363 988 576 1042 aliquando
601 988 701 1027 illud
715 991 954 1029 nasciturum
967 988 1123 1038 animal,
1142 989 1250 1043 quod
1268 987 1319 1027 ad
1336 990 1442 1027 Deo-

266 1073 358 1099 rum
399 1056 546 1097 cultum
583 1058 822 1111 aptissimum
859 1068 982 1107 esset,
1027 1067 1066 1096 et
1103 1057 1253 1108 generis
1282 1055 1444 1110 quidem

268 1127 431 1166 humani
451 1136 603 1179 partem
626 1125 822 1166 meliorem
835 1156 847 1176 ‚
877 1122 974 1164 ὃκοιῖ
988 1125 1114 1165 ἔπειτα
1128 1124 1332 1169 κεκλήσοιτο
1344 1124 1443 1173 ἁνήρ.

268 1196 380 1236 Vitae
419 1192 564 1232 deinde
604 1195 795 1233 rationem
834 1204 874 1232 et
913 1193 1034 1233 varias
1061 1202 1184 1232 sortes
1208 1193 1253 1231 iis
1279 1191 1444 1245 pandit,

239 1266 241 1269 ’
266 1262 324 1304 ἵνω
353 1268 418 1308 τῆς
443 1263 569 1303 ἔπειτα,
597 1263 649 1308 εἴη
674 1264 804 1306 κακίαις
829 1260 988 1301 ἑκάστων
1009 1262 1187 1311 ἀναίτιος-ς
1236 1275 1317 1314 quo
1344 1260 1445 1300 facto

266 1330 356 1370 alios
381 1331 426 1370 in
453 1331 573 1381 terra,
601 1330 692 1370 alios
716 1331 759 1369 in
786 1329 893 1378 luna,
922 1328 1015 1369 alios·
1039 1330 1083 1368 in
1109 1328 1278 1384 reliquas
1306 1326 1445 1368 mundi

267 1410 399 1453 partes
425 1413 608 1452 spargens
622 1427 635 1447 ,
665 1399 775 1452 quasi
801 1399 965 1437 serebat.
1013 1398 1096 1437 Diis
1124 1397 1282 1437 tandem
1307 1397 1445 1447 junio-

269 1467 379 1506 ribus
407 1464 571 1506 tradidit
599 1479 763 1520 corpora
790 1465 969 1517 effingere
997 1463 1169 1505 mortalia
1195 1474 1235 1503 et
1251 1461 1450 1519 quidquid

269 1535 443 1574 humano
470 1535 596 1574 animo
626 1532 809 1573 accedere
823 1532 1009 1583 deberet,
1040 1533 1117 1573 hoc
1132 1532 1330 1574 absolvere
1345 1563 1356 1582 ,
1386 1532 1449 1572 xx)

270 1604 372 1643 κατὰ
406 1602 555 1650 δύναμιν
585 1600 636 1642 ὅτι
674 1602 859 1642 κάλλισται
881 1600 944 1642 καὶ
972 1601 1104 1650 ἄρισται
1125 1602 1167 1642 τὸ
1192 1601 1311 1646 θνητὸν
1333 1602 1451 1641 διακυ-

267 1671 399 1720 βερνᾷν
420 1671 527 1720 ζῶον,
553 1667 618 1710 ὅτι
641 1670 694 1716 μὴ
718 1674 834 1710 κακῶν
845 1671 936 1709 αὐτὸ
953 1671 1067 1718 ἑαυτῷ
1080 1672 1239 1715 ylyvoaro
1255 1670 1365 1709 alnov
1379 1669 1449 1721 (ι).

321 1736 456 1775 Multis
483 1736 554 1775 hic
580 1737 729 1776 PLATO
757 1739 944 1792 exponit,
984 1736 1180 1792 quomodo
1206 1738 1345 1777 summi
1369 1738 1447 1776 Pa-

269 1806 337 1845 tris
376 1804 448 1844 filii
487 1803 612 1844 divini
652 1820 819 1845 munere
860 1807 933 1845 sihi
970 1807 1148 1859 ini-uncto
1184 1805 1308 1845 functi
1347 1806 1447 1855 sint,

270 1886 465 1927 quamque
477 1873 645 1913 mirifica
662 1884 702 1913 et
714 1873 907 1929 stupenda
920 1884 1002 1913 arte
1017 1887 1157 1928 corpus
1171 1874 1384 1914 humanum
1397 1871 1449 1912 ad

268 1954 406 1981 omnes
432 1941 474 1979 in
501 1943 577 1981 vita
602 1957 690 1982 usus
718 1944 913 1998 animique
941 1943 1151 1982 ministeria
1177 1941 1292 1981 fuerit
1317 1941 1445 1981 fabri-

269 2020 409 2049 catum.
458 2010 562 2048 Haec
589 1997 715 2065 ampla
742 2013 865 2052 oratio
891 2012 943 2052 ita
970 2022 1027 2052 est
1053 2013 1279 2066 composita,
1306 2022 1351 2051 ut
1365 2011 1449 2051 fere

267 2079 431 2128 nescias,
446 2089 582 2117 utrum
599 2080 713 2129 magis
727 2081 876 2119 mireris
888 2108 901 2129 ‚
930 2081 1025 2130 viri,
1055 2095 1172 2136 quam
1187 2081 1269 2120 Diis
1286 2080 1444 2127 tribuit,

267 2149 497 2203 sapientiam
548 2148 768 2203 mentisque
796 2162 987 2200 acumen,
1016 2165 1067 2189 an
1091 2150 1214 2205 ipsius
1240 2150 1283 2188 in
1308 2147 1448 2187 talibus

270 2216 507 2270 exponendis
536 2216 699 2257 dicendi
726 2217 878 2272 copiam
904 2229 941 2257 et
966 2217 1195 2258 facundiam.
1224 2217 1364 2271 >Saepe
1382 2227 1444 2257 ta-

267 2298 363 2323 men
384 2286 502 2325 nimia
528 2284 647 2326 audet
661 2316 673 2336 ,
710 2284 823 2325 altius
851 2285 1075 2326 abscondita
1087 2298 1247 2337 naturae
1261 2284 1444 2326 miracula

267 2362 475 2407 penetrare
518 2365 671 2395 tentans
687 2386 699 2405 ,
744 2368 824 2409 quo
867 2354 936 2405 fit,
979 2365 1022 2394 ut
1049 2348 1267 2395 obscuriora
1283 2353 1447 2395 subinde

307 2504 360 2546 (ι)
380 2515 447 2546 pag.
470 2505 523 2543 41.
545 2505 580 2538 A.
596 2522 643 2556 A—
666 2506 716 2538 42.
739 2505 774 2539 E.
