1700 3064
747 286 961 325 ,9,-

258 387 411 429 PLA'ro
425 419 438 442 ‚
479 387 737 431 dubitandum
774 402 859 429 non
898 400 955 429 est
968 418 981 441 ,
1021 393 1121 444 quin
1161 394 1359 444 uben-ima
1394 400 1437 434 et

262 453 486 498 doctissima
511 456 770 511 descriptione
787 454 886 496 illud
903 469 1145 510 exornasset3
1174 473 1435 512 memorasset,

263 522 464 581 quomodo
501 536 701 575 exortum,
746 540 825 580 quo
849 535 984 576 motu,
1015 540 1090 580 qua
1115 527 1251 572 indole
1277 530 1435 587 praedi..

264 604 348 634 tum
374 605 481 634 esset.
536 592 600 634 Sic
638 594 742 633 enim
783 605 969 635 astrorum
1005 593 1096 634 dati
1123 597 1247 650 opert
1275 614 1440 655 corpora

261 663 451 712 celebrat,
481 677 694 717 eorumque
722 674 910 703 naturam·
929 665 1101 719 exponit.
1140 666 1200 718 Ne
1226 668 1315 720 quis
1336 671 1442 708 enim

258 745 387 771 aurem
425 731 605 785 praebeat
643 731 718 772 illis
731 762 744 784 ‚
787 734 858 789 qui
885 746 925 774 se
949 730 1140 775 inirenisse
1167 734 1209 773 in
1240 748 1362 788 opere
1388 735 1440 777 de
1464 762 1467 763 ν

258 802 494 854 Republica
519 800 649 840 locum
675 801 894 852 clamitant,
925 817 1004 857 quo
1032 803 1180 842 PLA'ro
1209 803 1280 842 Dei
1299 816 1441 857 corpus

257 880 547 910 commemoret.
600 869 664 910 En
704 871 929 912 PLAToms
972 871 1110 913 verba=
1156 872 1273 921 ταύτῃ
1309 872 1377 920 μὲν
1399 872 1441 917 δὴ

256 936 385 982 ἥκιστα
410 936 456 976 ἂν
479 939 623 982 πολλὰς
642 939 791 987 μορφὰς
816 940 911 988 ἴσχοι
934 940 951 978 δ
975 940 1062 982 θεός.
1089 960 1139 970 --
1158 940 1346 979 Ἀδύνατον
1368 938 1440 987 ἄρα

254 1004 317 1044 καὶ
349 1006 416 1054 θεῷ
437 1004 567 1045 ἐθέλειν
590 1005 699 1046 αὑτὸν
722 1007 908 1054 ἀλλοιῶν,
947 1005 1036 1047 ἀλλ’
1062 1007 1107 1051 ὦς
1132 1005 1220 1046 ἔοικε
1243 1006 1436 1053 κάλλιστος

254 1072 316 1112 καὶ
345 1071 485 1122 ’ἄριστος
523 1075 569 1114 ὢν
605 1077 654 1119 εἷς
687 1076 728 1115 τὸ
762 1077 907 1115 δυνατὸν
938 1075 1088 1119 ἕκκστος
1114 1078 1229 1115 αὐτῶν
1262 1076 1358 1123 μένει
1379 1076 1435 1115 ἀεὶ

255 1140 384 1187 ἁπλῶς
415 1144 455 1183 ἕν
487 1148 534 1193 τῇ
558 1144 669 1183 αὑτοῦ
694 1147 817 1194 μορφῇ
845 1143 916 1198 (1).
956 1145 1107 1196 Urgent
1143 1145 1260 1196 igitur
1298 1160 1433 1186 vocem

254 1212 378 1257 μορφῇ·
389 1239 401 1259 ,
431 1224 547 1262 quam
574 1225 656 1249 non
675 1210 749 1248 nisi
768 1210 931 1263 corpori
948 1210 1157 1249 convenire
1174 1211 1295 1260 ajunt.
1323 1210 1436 1248 Con-

253 1274 351 1321 cedo
365 1307 377 1328 ,
421 1275 533 1331 quod
568 1277 805 1333 plerumq-ue
830 1276 885 1317 ita
911 1287 1118 1332 usurpatur
1145 1294 1168 1318 a
1194 1277 1432 1327 PLAT0N133

250 1345 442 1397 significat
481 1356 611 1386 tamen
644 1347 758 1385 etiam
795 1346 972 1384 habitum
985 1376 997 1395 ,
1036 1357 1226 1385 naturam.
1280 1344 1432 1385 Deinde

252 1415 372 1453 verba
399 1413 550 1459 ἕκαστος
575 1415 693 1454 αὐτῶν
716 1412 918 1462 indicant,
960 1412 1155 1454 Platonem
1181 1413 1261 1453 hie·
1279 1412 1329 1454 de
1354 1414 1435 1455 Diis

254 1474 505 1522 inferioribus
544 1481 669 1536 loqui.
710 1508 759 1516 -
797 1481 1030 1535 Quaeritur,
1070 1493 1202 1521 utrum
1239 1494 1344 1522 recte
1369 1498 1438 1522 ca-

255 1561 352 1590 nant
377 1551 540 1601 Poetae,
568 1550 669 1589 Deos
697 1548 864 1589 subinde
891 1550 1003 1591 variis
1029 1548 1184 1589 indutos
1212 1549 1344 1590 'formis
1359 1551 1440 1591 ho-

255 1620 427 1659 minihus
467 1620 702 1673 apparuisse.
757 1620 877 1670 Negat
920 1620 1101 1671 Pru-03
1155 1618 1259 1658 idem
1297 1620 1443 1660 scilicet

253 1702 408 1728 manere
434 1702 592 1742 semper
618 1689 742 1727 Deum
769 1686 985 1727 contendit.
1038 1687 1090 1727 Et
1116 1688 1189 1727 toti
1207 1702 1257 1728 -se
1275 1689 1444 1744 opponit

253 1755 545 1814 apparitionum
586 1758 857 1813 visionumque
885 1759 1021 1798 errori.
1067 1758 1128 1797 Ex
1154 1758 1214 1798 his
1241 1759 1438 1799 conficere

250 1829 340 1878 jure
364 1825 502 1867 videor
528 1840 692 1881 corpore
719 1827 953 1866 instructum
979 1840 1061 1865 non
1088 1826 1296 1866 somniasse
1314 1826 1451 1883 Deum·

253 1895 512 1937 PLATONEM.
554 1895 612 1936 Ea
640 1895 747 1936 enim
774 1906 859 1945 est,
886 1895 970 1949 ipso
999 1905 1093 1935 teste
1110 1927 1121 1946 ,
1151 1898 1328 1949 corporis
1356 1881 1433 1935 na·-

255 1974 354 2013 tura,
378 1976 423 2003 ut
436 1965 492 2003 οέεὶ
515 1965 652 2009 γένεσιν
675 1964 770 2015 ἔχον,
791 1977 947 2017 semper
963 1972 1148 2011 mutetur.
1173 1962 1325 2003 Deinde
1340 1963 1439 2018 phi-

252 2030 464 2087 losophum
502 2035 660 2075 omnino
699 2049 842 2087 negare
881 2043 1001 2087 puto,
1041 2031 1122 2073 ulla
1159 2032 1285 2073 forma
1313 2032 1438 2072 oculis

253 2100 458 2140 cernenda
487 2102 599 2140 nobis
618 2117 800 2156 apparere
815 2104 939 2142 Deum
955 2115 1078 2157 posse.
1121 2102 1300 2155 Denique
1318 2099 1434 2155 panio

251 2182 341 2212 ante
380 2185 463 2211 non
502 2171 574 2210 Dei
612 2172 763 2221 μορφήν,
800 2170 869 2211 sed
907 2171 1002 2213 ἰδέαν
1042 2163 1322 2211 commemorat
1350 2169 1434 2223 (1);

251 2241 350 2281 haec
390 2251 521 2280 autem
546 2240 655 2279 notio
682 2240 858 2293 corporis
885 2250 1041 2279 naturae
1067 2238 1186 2293 plane
1213 2247 1272 2277 est
1301 2251 1434 2293 oppo-

252 2309 338 2348 sita.
399 2309 601 2350 Praeterea
626 2310 775 2363 absque
799 2307 941 2347 formae
970 2306 1246 2361 qualiscunque
1280 2305 1436 2347 tandem

253 2377 414 2416 notione
452 2391 563 2416 mens
604 2378 773 2417 humana
805 2378 933 2416 Deum
973 2376 1139 2425 cogitare
1180 2373 1271 2425 fere*
1284 2377 1434 2433 nequit.

295 2475 349 2520 (ι)
369 2476 448 2510 nn.
468 2474 510 2510 11,
531 2476 604 2509 381.
625 2475 662 2510 B.
684 2475 720 2509 C.

226 2543 232 2556 ι
297 2531 348 2573 (a)
370 2542 399 2572 p.
420 2531 494 2564 380.
516 2530 551 2563 E.
