1700 3064
656 269 898 310 —161—

194 387 198 391 ’
243 381 409 433 Egregie·
424 400 426 403 >
440 399 442 402 ’
455 383 569 433 igitur
623 384 829 425 humanam
862 386 1092 425 liba-tatem
1143 381 1259 421 tuitus
1306 393 1363 423 est

190 448 340 489 Pmo
354 476 367 500 ,
398 449 607 492 secundum
638 467 754 508 quem
770 453 886 493 animi
900 484 912 504 ,
939 450 1227 508 priusquam-in
1244 459 1365 489 terras

192 519 367 558 venirent
379 549 390 568 ‚
418 512 560 560 sortem
576 523 683 561 suam·
694 533 857 575 >potuere
873 516 1018 573 eligere*
1026 523 1204 575 vitaeque
1221 533 1362 570 genus3

193 586 234 624 in
262 586 346 641 ipsa
374 598 497 627 autem
522 589 598 628 vita
612 589 816 644 sapientiae
832 587 958 628 studio
972 586 1034 629 vel
1049 586 1247 639 neglectu.
1277 586 1364 627 vir-

193 654 284 695 tutis
322 647 465 697 amore⁸
489 657 549 696 vel
585 657 675 697 odio
688 686 701 707 ,
738 656 888 697 felicem
925 656 986 698 vel
1014 657 1264 697 tristissimam
1290 655 1366 695 sibi

191 735 340 775 parare
354 721 614 762 conditionem
636 734 810 776 possunt.
865 724 947 761 Deo
968 734 1095 762 autem
1122 722 1259 761 tribuit
1284 722 1363 761 ho-

192 804 330 832 norum
373 801 412 831 et
438 789 626 829 malorum
667 788 759 830 dare
798 792 1132 845 opportunitatem
1171 800 1212 830 et
1239 799 1365 830 certos

192 862 424 898 constituere
451 859 639 897 humanae
667 857 862 898 electionis
889 858 1041 898 effectus
1059 889 1071 909 ,
1099 860 1153 898 ita
1175 868 1219 897 ut
1235 858 1363 898 virtu-

193 936 273 966 tem
298 927 408 966 beata
435 927 510 966 vita
523 955 535 976 ,
564 917 698 965 vitium
723 928 932 966 miserrima
957 941 1038 967 sors
1060 937 1256 982 sequatur.

224 996 364 1038 „Liber
387 996 502 1045 igitur
524 993 738 1034 secundum
758 995 1004 1034 Pnuonssu
1014 995 1133 1034 homo
1145 1005 1202 1034 est
1215 1025 1227 1045 ‚
1255 996 1363 1046 cujus

194 1077 323 1102 curam
352 1062 414 1101 Dii
441 1073 589 1114 gerunt.
633 1061 743 1114 Quid
769 1063 895 1103 vero?
922 1062 1025 1116 Num
1051 1063 1133 1115 ipse
1151 1063 1252 1101 Deus
1266 1062 1366 1102 liber

192 1141 250 1171 est
277 1145 298 1169 e
326 1130 556 1184 Philosophi
584 1131 802 1170 sententia?
856 1128 984 1169 Incidi
1008 1130 1052 1168 in
1080 1131 1367 1184 quaestionem,

200 1200 291 1254 quia
329 1200 371 1237 in
407 1209 576 1238 mentem
616 1199 750 1248 venit,
798 1196 903 1252 quod
941 1196 1046 1251 apud
1085 1198 1366 1239 HERODOTUM

197 1267 332 1322 Pythia
359 1266 453 1307 dicit
480 1285 505 1314 (ς
521 1268 596 1311 Τὴν
621 1266 848 1315 πεπρωμένην
871 1266 990 1315 μοίρην
1013 1266 1176 1306 ἀδύνατά
1189 1267 1366 1306 ἐστ-ια’πο-

197 1336 346 1386 φυγέειν
371 1335 432 1376 καὶ
458 1336 520 1384 θεῷ,
547 1334 603 1388 (1)
631 1335 725 1375 Fato
736 1336 884 1390 saepius
899 1352 922 1374 a
936 1336 1060 1389 poetis
1071 1346 1111 1375 et
1121 1334 1366 1390 philosophis

197 1419 243 1444 ea
269 1416 327 1444 est
351 1404 438 1443 data
464 1406 546 1454 vis,
577 1420 655 1458 qua
679 1405 762 1443 Deo
788 1405 838 1443 sit
848 1405 1050 1457 superior,
1079 1405 1132 1443 ita
1158 1415 1215 1454 ut,
1240 1404 1364 1458 quid-

193 1472 290 1528 quid
315 1473 357 1512 in
383 1486 516 1512 rerum
541 1472 819 1524 gubernatione
846 1472 935 1523 fiat,
972 1473 1055 1524 ejus
1081 1471 1152 1511 fiat
1177 1471 1364 1523 decretis,

192 1542 234 1579 in
261 1541 391 1581 nostra
418 1551 606 1595 potestate
633 1539 731 1580 nihil
756 1542 818 1581 sit.
858 1540 924 1581 Sic
950 1555 1037 1581 cum
1063 1532 1223 1595 Pythiae
1242 1541 1367 1582 verbis

195 1603 426 1665 conspirant
451 1609 514 1649 illa
540 1609 725 1650 Hns1on1
753 1608 804 1648 de
832 1604 962 1649 Crono
988 1608 1072 1663 (ἡκ

295 1680 448 1718 Πεύθετο
472 1679 544 1727 γὰρ
569 1679 676 1723 Γαίης
701 1694 742 1718 τε
767 1678 828 1717 καὶ
856 1680 1013 1727 Οὐρανοῦ
1038 1677 1258 1726 ἆστέροεντος

296 1743 439 1785 Οὕνεκαι
463 1745 494 1784 οἱ
517 1744 676 1794 πέπρωτο
703 1745 745 1794 ἑῷ
772 1745 840 1786 §vrb
864 1745 962 1785 παιδὶ
988 1746 1156 1793 δαμῆναι.

195 1814 279 1853 Hoc
305 1813 498 1851 nomano
518 1827 675 1865 quoque
696 1814 832 1864 objicit
848 1815 1016 1853 CwERo
1046 1814 1130 1865 (5),
1156 1813 1226 1866 qui
1242 1829 1253 1851 ι
1282 1822 1309 1853 «“
1323 1811 1368 1852 Si

196 1879 265 1930 nil,
286 1878 428 1932 inquit,
450 1877 495 1917 fit
510 1889 614 1917 extra
627 1878 761 1928 fatum,
786 1880 882 1919 nihil
898 1879 1014 1920 levari
1028 1894 1070 1919 re
1084 1879 1213 1921 divina
1226 1889 1367 1934 potest.

193 1949 280 1990 Hoc
304 1947 421 1987 sentit
445 1948 529 2001 ipse
544 1946 755 1988 HOMERUS
770 1978 782 1998 ‚
812 1937 906 1988 cum⁴
913 1958 1140 2002 querentem
1152 1948 1286 1988 Jovem
1297 1947 1367 1986 in-

196 2017 328 2067 ducit,
359 2015 476 2072 quod·
493 2014 760 2071 Sarpedonem
785 2016 906 2056 filium
929 2031 951 2055 a
968 2026 1094 2056 morte
1106 2026 1238 2065 contra
1248 2015 1368 2056 fatum

196 2089 348 2143 eripere
375 2102 457 2127 non
483 2097 620 2140 posset.
675 2086 761 2143 Hoc
786 2085 890 2126 idem
911 2084 1106 2138 significat
1117 2085 1290 2126 Graecus
1303 2084 1367 2125 ille

195 2156 240 2197 in
266 2171 349 2196 eam
373 2154 604 2196 sententiam
631 2164 782 2194 versus:

239 2313 291 2355 (1)
312 2314 440 2346 Hnon.
462 2315 542 2348 Hiat.
562 2314 588 2348 1.
608 2325 663 2355 91.

240 2376 291 2419 (α)
313 2376 448 2410 Ηιειου.
470 2377 584 2419 Theog.
606 2377 669 2418 465
688 2388 770 2420 seqq.

241 2440 294 2482 (5)
314 2441 361 2473 De
380 2441 481 2474 Divin.
508 2441 547 2475 11.
570 2452 619 2473 ιο.

1001 2498 1053 2536 11
