1700 3064
733 250 947 292 „gl-..-

253 361 495 414 distinguat,
512 362 562 403 ad
590 364 691 407 illam
716 370 865 423 optime
889 370 984 409 hinc
1007 353 1258 408 transibimus
1284 376 1422 417 quaes-

256 430 427 483 tionem,
450 447 546 487 quae
568 446 624 475 est
647 435 696 476 de
729 437 816 477 Uno
844 440 1037 478 Platonis
1065 436 1173 477 Deo.

305 726 585 782 Reputantibus
599 758 611 776 ‚
628 741 744 783 quae
771 727 821 767 de
849 729 1024 769 barbaris
1053 728 1295 782 rudibusque
1324 740 1423 778 gen-

252 795 356 835 tibus
380 797 496 836 nobis
522 806 614 835 sunt
633 795 813 850 prodita,
854 797 1029 838 videatur
1055 812 1208 837 necesse
1233 806 1315 845 est,
1343 795 1425 834 hu-

250 877 405 917 manum
451 863 648 914 ingenium
701 864 799 904 adeo
848 880 925 904 esse
962 865 1219 915 imbecillum,
1281 874 1324 903 ut
1361 877 1427 901 sua

249 942 387 985 sponte
423 945 591 984 pronum
628 932 678 971 sit
710 944 749 972 et
782 930 952 986 proclive
980 931 1030 969 ad
1055 932 1223 985 plurium
1252 933 1426 970 Deorum

246 998 403 1038 cultum.
450 1000 600 1051 Majora
631 999 711 1039 fere
748 1014 827 1040 esse
865 998 1068 1048 videntur,
1105 1013 1202 1053 quae
1228 999 1268 1036 in
1292 1013 1426 1038 rerum

249 1077 384 1107 natura
394 1066 566 1122 quotidie
577 1068 662 1107 fieri
673 1060 1045 1118 animadvertuntur,
1060 1068 1254 1122 nimisque
1264 1065 1425 1114 diversa,

248 1151 364 1190 quam
391 1147 434 1175 ut
460 1151 557 1176 unus
577 1151 714 1176 eorum
728 1150 863 1177 auctor
878 1136 1011 1176 haberi
1027 1137 1161 1190 possit.
1202 1134 1429 1175 Mirandum

247 1203 342 1244 adeo
360 1200 448 1245 'non
477 1215 545 1256 est,
574 1205 684 1246 cultis
702 1206 814 1245 etiam
826 1206 869 1245 in
880 1205 1036 1260 populis
1049 1205 1229 1244 mansisse
1244 1205 1425 1259 antiqui-

246 1283 307 1312 tus
328 1272 588 1327 Polytheismo
613 1275 819 1314 honorem.
862 1274 946 1314 Hoc
973 1285 1100 1313 autem
1116 1274 1257 1312 mirum
1272 1287 1426 1327 semper

245 1340 385 1381 accidit
400 1373 411 1387 ‚
439 1342 698 1396 philosophos
711 1372 723 1392 ,
753 1357 842 1381 cum
855 1342 972 1381 semel
987 1356 1211 1395 supremum
1225 1344 1399 1382 omnium
1409 1371 1422 1391 ,

248 1425 270 1449 a
312 1411 469 1449 caeteris
496 1409 609 1462 longe
635 1409 827 1450 diversum
843 1440 856 1461 ,
893 1410 1131 1449 invenissent
1156 1411 1303 1460 Deum,
1329 1410 1426 1450 ‘non
1458 1406 1461 1408 μ

248 1493 295 1518 eo
332 1477 491 1518 tandem
535 1479 759 1533 pervenisse
773 1508 786 1528 ‚
825 1490 870 1519 ut
907 1480 1033 1518 omnia
1073 1480 1231 1518 omnino
1269 1479 1319 1517 ab
1345 1493 1426 1519 uno

246 1546 334 1595 illo,
363 1546 478 1586 nullis
505 1561 574 1587 uso
594 1548 789 1597 ministris,
819 1547 906 1586 fieri
923 1557 1150 1587 statuerent.
1191 1547 1303 1598 Nam,
1320 1546 1429 1602 quod

246 1613 360 1666 vulgo
397 1625 551 1654 eatenus
585 1614 633 1653 ad
661 1615 860 1658 veritatem
887 1630 971 1655 non
997 1615 1254 1661 accederent,
1300 1629 1430 1654 causae

244 1681 351 1722 fuere
394 1682 551 1722 multae.
611 1682 753 1722 Acrior
780 1683 899 1722 animi
927 1685 1139 1739 mentisque
1164 1684 1347 1735 sagacitas
1375 1681 1427 1721 ad

244 1749 340 1791 illud
363 1751 592 1806 requiritur.
643 1750 767 1807 Apud
795 1752 965 1793 Graecos
994 1750 1136 1791 deinde
1164 1750 1255 1793 levis
1278 1752 1429 1792 obstitit

245 1818 382 1875 populi
396 1818 544 1859 indoles
560 1850 571 1870 ‚
593 1820 671 1875 qua
686 1820 851 1860 mirifice
869 1822 1057 1875 poeticae,
1072 1822 1121 1860 ab
1141 1822 1312 1875 antiquis
1326 1823 1427 1861 vati-

245 1889 317 1929 bus
328 1918 340 1939 ,
355 1886 533 1927 conditae
546 1888 748 1941 religioni,
765 1901 804 1930 et
819 1889 981 1930 faciliori
991 1917 1004 1939 ,
1020 1889 1228 1944 eidemque
1244 1879 1427 1945 splendi-

247 1957 348 1997 diori
375 1956 493 1997 cultui
510 1956 704 1999 favebant.
744 1958 920 1998 Placebat
932 1959 1024 2012 ipsis
1041 1973 1141 1999 nova
1155 1959 1234 1998 sere
1254 1960 1430 2013 quotidie

244 2025 294 2066 de
311 2026 389 2065 Diis
402 2025 561 2084 fingere,
590 2028 736 2081 primos
747 2028 868 2079 gentis
884 2028 1027 2069 Heroas
1039 2041 1128 2067 cum
1145 2029 1225 2069 Diis
1242 2030 1426 2079 misoere3

244 2101 405 2148 poeseos
448 2105 617 2134 amantes
631 2126 643 2145 ,
700 2095 864 2135 avebant
916 2096 1023 2137 novis
1062 2107 1105 2136 et.
1139 2098 1238 2136 scitis
1279 2096 1428 2135 fabellis

245 2161 491 2214 Theogonias
530 2160 730 2202 adornare.
787 2162 928 2216 Magna
955 2178 1196 2219 proavorum
1222 2163 1319 2203 sacta
1334 2195 1345 2215 ‚
1388 2174 1430 2205 et

246 2230 409 2284 mythici
447 2231 629 2285 temporis
670 2230 834 2272 heroum
875 2231 949 2272 fata
986 2243 1090 2272 arcte
1130 2238 1218 2270 cu'm
1257 2233 1429 2272 Deorum

246 2298 421 2338 omnium
456 2299 574 2338 rebus
600 2307 713 2339 erant
740 2308 937 2348 connexa,
979 2309 1017 2337 et
1043 2300 1092 2337 ab
1119 2297 1257 2337 iisdem
1285 2298 1428 2344 divinis

247 2365 373 2407 Poetis
402 2366 616 2420 celebrata3
648 2362 882 2418 accedebat,
913 2366 1032 2421 quod-
1048 2360 1188 2407 avitam
1201 2367 1428 2420 religionem

247 2446 286 2475 et
324 2435 492 2490 patrium
522 2437 691 2476 Deorum
717 2437 863 2477 cultum
891 2446 1047 2498 strenue
1072 2435 1194 2488 leges,
1242 2447 1428 2493 tanquam

248 2506 445 2547 civitatum
484 2504 634 2547 vincula
676 2518 716 2547 et
751 2506 907 2561 imperii
934 2505 1181 2548 firmamenta
1207 2508 1428 2550 tuebantur.

1056 2577 1086 2618 6
