1700 3064
762 272 976 311 -64-

268 391 391 450 ιἥιιιίωι
416 391 476 432 τὸν
497 389 653 438 αὐτάρκη
678 403 719 428 τε
746 386 808 427 καὶ
828 387 1447 449 τὸντελεῶιιύτοριαεὸμ-(ιιιωᾶωιι)

280 461 427 506 ἐγέννα·
465 460 637 508 χρώμενος
672 456 740 504 μὲν
761 461 844 501 ταῖς
867 456 944 505 περ)
966 458 1089 497 ταῦτα’
1110 461 1449 512 ammon-meroz&

281 545 377 577 (ταις,
399 529 440 568 ’τὸ
465 527 501 567 δὲ
527 524 565 566 εὖ
576 526 839 574 τεκταινόμενος
858 527 893 566 ἐν
913 529 1002 566 πᾶσι
1015 532 1087 571 τοῖς
1098 531 1315 578 γιγνὸμένσις
1325 530 1447 575 αὐτός.

282 595 382 639 Haec
428 598 544 649 igitur
580 596 705 635 omnia
720 624 732 645 ,
775 610 874 651 quae
916 611 937 635 e
981 596 1208 636 Necessitate
1247 601 1420 642 exstitere
1434 627 1446 649 ‚

279 668 423 723 Opifex
449 666 512 707 ille
539 666 713 706 assumsit
736 667 779 705 in
806 666 851 706 iis
866 697 878 717 ,
911 680 1008 722 quae
1033 667 1260 717 generabat,
1291 667 1449 721 quando

276 736 588 791 perfectissimum
619 736 745 781 Deum
784 736 968 785 creabat3
1010 750 1097 775 usus
1136 734 1297 790 quidem
1331 738 1450 776 causis

276 804 507 845 administris
533 804 632 854 illis,
669 804 774 844 bona
801 814 932 844 tamen
959 818 1209 859 quaecunque
1235 804 1318 859 ipse
1346 818 1445 844 con-

274 876 460 926 stituens,
501 873 551 913 διὸ
586 873 628 919 δή
659 863 736 923 ’χρὴ
768 873 820 929 δύ’
842 874 962 918 αἰτίαις
985 873 1060 919 εἴδη
1083 874 1294 924 διορίζεσθαι·
1317 874 1356 913 τὸ
1380 874 1448 922 μὲν

271 944 486 990 ἀναγκαῖον·
511 944 552 984 ’τὸ
573 944 611 984 δὲ
632 945 718 983 θεῖον
746 942 816 997 (ι).

325 1013 382 1053 At
418 1028 510 1054 vero
539 1016 618 1065 jam
646 1012 784 1054 videor
811 1014 1022 1055 multorum
1045 1014 1175 1055 audire
1199 1029 1312 1056 voces
1327 1045 1339 1065 ,
1378 1015 1446 1069 qui

270 1082 464 1135 indignati
504 1082 699 1123 clamitent
715 1114 726 1133 ‚
765 1085 885 1138 impie
927 1100 972 1123 ac
1018 1085 1184 1138 turpiter
1224 1086 1280 1123 sic
1321 1084 1446 1123 Deum

270 1152 395 1192 libero
423 1152 505 1190 ‘fere
530 1153 674 1205 privari
701 1152 867 1204 imperio
883 1181 894 1200 ,
922 1151 1124 1205 liberaque
1150 1152 1194 1190 ea
1219 1152 1416 1191 voluntate
1431 1182 1443 1202 ‚

272 1219 348 1274 qua
384 1218 516 1257 demta
555 1219 731 1272 potentia
769 1217 883 1257 simul
919 1217 1071 1257 ¹tollitur
1097 1218 1255 1270 divina3
1285 1218 1444 1271 indigna

268 1301 349 1327 esse
376 1286 464 1327 talia
492 1288 629 1326 summi
644 1286 873 1342 Philosophi
889 1302 977 1327 vere
996 1288 1059 1342 pia
1074 1296 1204 1328 mente
1220 1299 1262 1342 et
1273 1288 1443 1340 ingenio.

269 1356 345 1397 Sed
376 1356 533 1411 culpam
561 1356 609 1394 ab
638 1371 676 1395 se
702 1370 898 1395 removere
927 1355 1055 1395 studet
1082 1358 1241 1396 PLATO.
1295 1357 1441 1396 Mentis

268 1426 433 1480 imperio
473 1424 750 1463 Necessitatem
789 1437 944 1478 quoque
981 1424 1136 1475 subjicit
1152 1453 1167 1475 ,-
1203 1426 1257 1464 ita
1282 1436 1324 1466 ut
1350 1425 1443 1465 huic

270 1496 381 1549 quasi
418 1491 648 1547 persuadeat
688 1491 752 1530 illa
793 1493 942 1543 omnia,
986 1507 1082 1547 quae
1110 1493 1232 1544 fiant,
1261 1494 1310 1533 ad
1336 1494 1441 1548 opti-

268 1577 377 1602 mum
417 1561 558 1601 ducere
599 1547 746 1607 finem
779 1575 901 1615 quare
927 1575 999 1615 per
1025 1562 1315 1611 Necessitatem,
1343 1578 1443 1617 pru-

266 1631 374 1671 denti
400 1630 649 1685 persuasione
675 1631 825 1680 victam,
852 1631 908 1670 sic
937 1630 986 1669 ab
1015 1630 1124 1669 initio
1151 1645 1278 1670 rerum
1291 1633 1441 1671 consti-

264 1702 309 1741 tit
336 1701 584 1740 universum:
615 1702 671 1738 νοῦ
692 1699 728 1739 δὲ
743 1699 906 1745 ἀνάγκης
918 1698 1085 1749 ἄρχοντος
1099 1727 1113 1746 ‚
1136 1701 1186 1749 τῷ
1198 1702 1325 1740 πείθειν
1336 1701 1447 1746 αὐτὴν

262 1774 330 1810 τῶν
348 1768 564 1816 γιγνομένων
586 1769 635 1807 τὰ
660 1772 820 1808 πλεῖσται
843 1768 902 1808 ἐπὶ
927 1770 967 1809 τὸ
979 1769 1169 1816 βέλτιστον
1183 1768 1307 1815 ἄγειν,
1327 1769 1444 1818 ταύτῃ

264 1840 363 1878 κατὰ
395 1837 517 1877 ταῦτά
556 1852 595 1876 τε
632 1836 676 1876 δι’
710 1837 873 1883 ἀνάγκης
900 1838 1103 1885 ἡττωμένης
1132 1838 1198 1877 ὑπὸ
1224 1838 1358 1881 πειθὸῦς
1381 1837 1446 1885 ἔμ-

257 1903 385 1956 φρονος
408 1906 495 1946 οὕτω
523 1907 609 1947 κατ’
629 1909 749 1956 ἀρχὰς
770 1909 957 1956 §vulmaro
980 1907 1060 1948 τόδε
1085 1909 1125 1947 τὸ
1147 1909 1220 1947 πᾶν
1244 1906 1319 1960 (2).

318 1975 440 2016 Penes
481 1978 610 2017 Deum.
642 1978 760 2029 igitur
800 1976 897 2017 illud
933 1989 991 2017 est
1018 1977 1441 2032 rationis¹imperium,

264 2058 344 2098 quo
389 2046 516 2083 omnis
554 2048 735 2098 sapientia
774 2061 818 2085 ac
844 2048 960 2087 virtus
988 2058 1108 2086 mutas
1138 2047 1314 2100 serasque
1343 2044 1442 2083 vires

207 2153 209 2155 ,
261 2111 427 2154 domare
453 2111 562 2153 solet.
606 2112 684 2153 Sua
711 2113 839 2154 divina
868 2125 996 2155 mente
1024 2099 1077 2154 ita
1103 2113 1236 2165 dirigit
1262 2113 1364 2151 Deus
1382 2111 1440 2151 vel

260 2186 444 2222 immanes
483 2182 564 2222 illas
604 2184 844 2222 Necessitatis
881 2199 901 2222 e
930 2184 1021 2223 rudi
1047 2183 1206 2222 materia
1233 2182 1357 2230 vires,
1399 2192 1441 2220 ut

261 2252 380 2290 amice
407 2249 491 2290 sere
514 2264 604 2289 cum
629 2248 899 2290 Providentiae
926 2252 1154 2304 conspirent
1177 2249 1355 2305 consi-liis.-
1383 2250 1441 2287 Ita

261 2336 380 2375 supra
392 2321 601 2362 audivimus
614 2328 744 2362 rerum'
758 2322 982 2361 Creatorem
994 2320 1178 2360 elementa
1190 2319 1439 2375 composuisse

260 2387 571 2445 singulorumque
608 2390 708 2429 vires
744 2389 972 2437 secrevisse,
1009 2398 1046 2426 et
1079 2389 1188 2428 certis
1218 2389 1325 2442 quasi
1353 2398 1436 2426 ter-

303 2490 356 2532 (1)
379 2490 458 2523 Tim.
479 2502 543 2532 pag.
566 2492 616 2525 68.
640 2492 675 2525 E.
696 2493 748 2533 69.
769 2491 805 2524 Α.

303 2546 355 2589 (2)
377 2546 456 2580 Tim.
478 2557 507 2588 p.
529 2547 580 2580 48.
603 2549 638 2581 A.
661 2546 706 2580 Cf.
729 2547 782 2580 56.
804 2546 839 2579 B.
