1700 3064
685 266 739 274 —
770 247 857 308 105⁷
873 268 927 275 —

230 375 279 402 os
313 363 500 402 concessit
538 373 689 414 motus;⁴
728 365 912 417 alterum,
953 378 1033 420 quo
1069 364 1111 402 iu
1146 363 1283 403 'eodem
1306 366 1396 406 1000

232 431 334 471 circa
359 429 493 473 eadem
508 431 644 474 eodem
658 448 810 489 semper
824 434 944 476 modo
960 434 1184 485 ferrentur3
1214 431 1373 473 alterum
1382 465 1394 485 ,

230 513 311 554 quo
347 500 506 542 circuitu
543 496 683 543 eodem
721 516 873 558 semper
898 518 973 558 per
999 502 1154 544 coelum
1181 500 1395 556 progrede-

229 577 393 608 rentur.
428 570 465 609 A
504 570 663 610 caeteris
690 571 858 610 motibus
884 571 1009 610 libera
1035 570 1098 610 illa
1125 568 1326 619 reddidit,
1355 569 1396 609 ἵν’

228 636 281 677 ὅτι
302 636 466 685 μάλιστα
484 640 599 679 αὐτῶν
625 635 773 678 ἕκαστον
791 638 924 685 γένοιτο
945 641 991 685 ὥς
1007 637 1161 689 ἄριστον.
1191 638 1277 678 Hoc
1294 636 1396 678 duc-

228 715 302 763 tus·
317 707 503 755 consilio,
541 709 644 752 Deus
670 709 813 748 creavit
837 719 937 749 astra
962 724 1044 749 non
1070 709 1268 757 errantia,
1307 708 1396 747 ani-

226 775 371 814 mantia
404 775 537 816 divina
572 773 661 827 (ζῶσι
692 777 808 830 θεῖοι),
851 787 1029 828 aeterna,
1066 791 1164 833 quae
1191 777 1235 816 in
1260 774 1399 816 eodem

225 856 377 896 semper
401 850 509 882 mot'u
535 847 722 895 manent3
762 846 955 895 Terram,
982 847 1174 886 nutricem
1201 856 1400 894 nostram,

192 900 194 903 V
226 902 423 949 auctorem
461 921 500 949 et
536 909 736 950 custodem
774 910 852 950 diei
887 922 1004 966 atque
1038 915 1163 953 noctis
1176 944 1188 964 ,
1229 912 1401 968 primum

226 987 267 1016 et
301 976 610 1032 antiquissimum
636 979 762 1018 Deum
788 992 922 1020 eorum
936 1006 949 1028 ‚
993 993 1090 1034 quos
1116 979 1263 1039 coelum
1289 994 1398 1020 com-

226 1044 422 1098 plectitur.
447 1047 584 1095 πρωτην
608 1047 670 1086 καὶ
697 1047 951 1097 πρεσβυτάτην
974 1050 1077 1096 θεῶν,
1102 1062 1171 1088 om
1192 1049 1285 1093 ἔνι-ὸς
1305 1051 1402 1098 αὖραι·

226 1118 290 1156 ιισῦ
300 1115 476 1163 γεγόνασι
503 1115 577 1170 (ι).

278 1185 393 1241 Ignea
419 1196 578 1235 natura,
610 1186 736 1226 forma
762 1185 958 1236 rotunda,
987 1198 1114 1227 motus
1141 1189 1261 1237 varii,
1289 1188 1405 1229 nohis

225 1263 320 1295 sunt
355 1253 499 1294 indicia
536 1255 666 1294 animo
703 1264 744 1293 et
781 1268 946 1309 corpore
989 1265 1168 1294 constare
1208 1247 1306 1294 Deos
1331 1254 1405 1295 hos

226 1335 385 1363 creatos.
425 1325 509 1363 Hoc
536 1325 651 1364 etiam
678 1322 821 1363 diserte
848 1322 1097 1363 declaratur·
1087 1339 1130 1363 m
1145 1325 1309 1376 Legum
1323 1323 1401 1365 d·-

227 1389 327 1430 cimo
354 1389 456 1429 libro
469 1416 482 1437 ‚
511 1390 582 1452 ubi
607 1392 677 1434 τὰς
714 1394 783 1428 τῶν
810 1390 947 1437 ἄστρων
981 1391 1109 1438 ψυχὰς
1134 1392 1257 1429 πᾶσαν
1277 1391 1406 1440 ἀμήν

225 1459 387 1507 ἀγαθάς,
412 1460 486 1500 εἴτε
511 1460 547 1500 ἒν
565 1459 730 1508 σώμασιν
753 1458 920 1506 ἐνούσας,
961 1458 1039 1498 sive
1066 1456 1139 1501 alio
1170 1472 1404 1516 quocunque

225 1527 344 1569 modo
374 1542 538 1582 corpora
563 1542 631 1567 sua
656 1527 872 1582 pellentes,
901 1527 995 1569 θεοὺς
1022 1528 1133 1566 vocat
1157 1527 1306 1566 anro
1329 1528 1404 1580 (2)-

278 1598 521 1652 Magnopere
547 1595 645 1637 adeo
671 1613 692 1636 a
718 1596 801 1636 Deo
826 1609 976 1636 summo
991 1592 1190 1645 differunt,
1215 1595 1284 1651 qui
1303 1605 1405 1636 totus

224 1669 319 1710 Νοῦς
359 1676 429 1705 est.
482 1664 548 1705 Ad
589 1665 796 1703 homiuum
836 1664 950 1714 magis
990 1674 1168 1703 naturam
1199 1662 1404 1703 accedunt.

227 1734 295 1773 His
325 1745 454 1774 tamen
482 1732 604 1773 multo
630 1733 843 1787 superiores
869 1742 980 1780 sunt,
1009 1731 1099 1786 quia
1128 1745 1267 1771 eorum
1285 1731 1405 1771 animi

226 1804 262 1842 ἐν
288 1806 348 1841 τοῦ
367 1806 555 1851 upon-terro&
580 1802 741 1850 φρονήσει
784 1811 929 1840 tantum
956 1812 1168 1839 versantur.
1225 1803 1405 1854 Corpora

227 1884 406 1910 sensuum
435 1869 626 1909 illecebris
654 1880 694 1909 et
722 1868 945 1924 corruptela
971 1870 1142 1908 animum
1168 1868 1401 1911 nonsssedu-

227 1950 340 1987 cunt,
369 1953 462 1978 nam
485 1953 607 1993 aeque
623 1953 668 1978 ac
684 1937 821 1977 mundi
839 1952 983 1993 corpus
1002 1940 1212 1993 composita
1225 1950 1316 1979 sunt
1330 1938 1404 1992 (3).

227 2009 353 2059 Hinc,
393 2006 498 2063 quod
524 2006 646 2048 libere
686 2009 811 2048 Deum
837 2009 950 2062 sequi
978 2006 1188 2058 dicuntur,
1226 2022 1313 2048 cum
1339 2008 1405 2048 hic

225 2080 396 2119 Deorum
435 2077 598 2117 chorum
638 2091 711 2132 per
744 2076 873 2117 locum
901 2077 1137 2134 ὖπξρουροὶνιον
1162 2076 1293 2124 ducit,
1335 2077 1405 2118 uhi

226 2149 355 2202 ipsum
376 2149 541 2198 Verum,
569 2148 735 2197 Bonum,
763 2145 946 2187 Pulcrum
970 2147 1173 2202 aspiciunt.
1221 2145 1405 2186 Attamen

223 2228 447 2270 sequuntur·
470 2227 646 2266 tantum3
676 2216 759 2271 ipse
787 2218 887 2256 Deus
911 2215 1120 2268 praecedit,
1146 2217 1277 2255 omnia
1291 2215 1403 2256 ordi-

225 2297 324 2322 nans
351 2297 392 2325 et
417 2286 469 2325 ita
495 2283 728 2340 disponens,
770 2295 814 2325 ut
840 2284 1057 2324 beatissimo
1085 2282 1305 2337 spectaculo
1329 2283 1405 2324 frui

270 2384 321 2426 (ι)
344 2384 420 2419 Tm.
444 2386 485 2427 59
506 2386 545 2418 Ε.
569 2403 608 2412 —-
627 2387 679 2420 40.
703 2386 737 2418 C-

269 2440 320 2483 (a)
342 2440 423 2473 Lzo.
447 2441 483 2474 X.
506 2443 581 2483 899.
605 2442 639 2475 B.

270 2498 321 2540 (5)
346 2498 496 2542 Txpk33.
521 2497 559 2531 D.
