1700 3064
732 267 974 305 -136—

263 398 372 424 τριτον
395 385 534 430 ἐποίησε
571 381 642 432 (ι)
684 398 731 407 -
770 379 834 420 Sic
861 382 986 429 etiam>
1005 383 1177 433 optimos
1205 382 1295 423 alibi
1321 380 1440 427 dicit,

264 465 362 507 quos
389 452 451 493 Dii
476 448 649 500 diligunt.
935 482 940 495 f

317 521 437 560 Erant
472 529 597 557 tamen
635 518 856 558 Pur-oms
900 526 1022 557 aetate
1049 514 1166 556 haud
1187 520 1313 570 pauci
1319 549 1331 569 ,
1370 517 1442 572 qui,

261 598 394 643 aperte
418 595 626 638 negarent,
653 586 755 627 Deos
783 585 1042 626 humanarum
1067 598 1202 624 rerum
1221 597 1357 627 curam
1367 601 1440 639 ge-

260 671 368 705 rere,
397 658 465 696 τῶν
487 655 704 705 ἀνθρωπίνων,
724 654 951 705 πραγμάτων
974 654 1202 705 Φροντίζειν..
1222 652 1317 692 Esse
1339 655 1441 697 Deos

261 722 488 775 credebant3
514 722 583 764 sed
597 738 730 763 rerum
742 735 889 773 natura,
909 737 976 762 seu
991 724 1104 763 sortis
1115 723 1306 762 humanae
1322 723 1440 773 ratio,

256 808 377 850 quam
402 807 482 833 non
506 791 799 844 intelligebant,
826 794 928 847 ipsis‘
941 793 1072 832 testari
1089 789 1312 840 videbatur,
1340 804 1433 831 om-

260 862 328 902 nia
355 876 444 901 casu
469 861 602 916 potius
629 875 747 917 quam
774 860 908 903 divino
926 861 1088 906 oonsilio
1107 861 1201 912 regi.
1242 859 1440 912 Hisigitur

258 932 343 982 ejus
370 944 449 984 qua
468 940 600 984 posset
625 930 868 986 eloquentiae
899 942 982 971 tum
1007 931 1122 984 eopia
1146 929 1440 978 tumacumine,

257 997 444 1054 populari
464 1008 594 1039 tamen
615 997 836 1040 disserendi
854 1000 1003 1039 ratione
1018 998 1172 1039 obviam
1189 997 1259 1038 ivit
1270 996 1439 1036 Pm'rm

258 1068 362 1108 Cum
386 1068 493 1107 enim
518 1066 700 1108 adversus
725 1067 868 1115 ἄθεούς,
896 1077 1141 1119 argumenta,
1161 1079 1232 1105 cur
1245 1065 1310 1105 Dii
1332 1065 1435 1115 sint,

260 1134 482 1176 afferentem
518 1135 733 1176 induxisset
768 1135 1000 1175 Hosm-En
1014 1165 1027 1185 ,
1068 1132 1235 1174 eundem
1275 1131 1326 1172 ad
1351 1132 1441 1173 illos

261 1217 424 1258 quoque
472 1203 683 1244 orationem
722 1214 949 1243 convertere
987 1201 1076 1241 fecit
1089 1231 1102 1251 ‚
1154 1202 1225 1256 qui
1263 1199 1436 1239 divinam

258 1272 519 1312 humanarum
545 1284 675 1312 rerum
702 1285 833 1311 curam
854 1270 1061 1323 negabant.
1078 1288 1128 1298 —
1153 1269 1300 1312 Eorum
1317 1282 1439 1309 unum

260 1340 316 1381 sic
343 1339 556 1395 alloquitur
582 1339 750 1379 Hosmzs
777 1340 1082 1379 Arnnmnnsm
1095 1356 1107 1379 ι

314 1427 336 1452 ι(
356 1407 479 1463 Quod
507 1406 670 1464 quidem
695 1408 802 1448 Deos
825 1422 904 1448 esse
932 1406 1055 1447 credis
1068 1438 1082 1460 ,
1110 1407 1242 1447 nescio
1266 1421 1316 1446 an
1342 1407 1434 1447 effi-

261 1479 339 1517 ciat
376 1477 614 1528 cognationis
652 1475 811 1530 quidam
852 1489 940 1515 cum
966 1475 1098 1516 divina
1125 1473 1266 1515 natur&
1287 1489 1434 1515 sensus.

264 1544 346 1587 Sed
372 1558 582 1600 pravorum
606 1555 648 1585 et
672 1545 906 1597 injustorum
931 1544 1139 1585 hominum
1162 1543 1254 1584 laeti
1276 1558 1437 1584 succes-

261 1629 349 1665 suS,
389 1625 470 1654 tam
505 1612 656 1668 publici
684 1628 803 1667 quam
828 1613 967 1667 privati
979 1641 1000 1672 ,s
1030 1624 1068 1653 te
1095 1611 1145 1653 ml
1170 1612 1328 1668 impiam
1354 1611 1435 1660 du-

259 1692 356 1723 cunt
379 1682 631 1733 sententiam,
661 1681 845 1722 humanas
870 1696 934 1722 res
961 1697 983 1721 a
1009 1682 1089 1722 Diis
1107 1681 1258 1734 negligi.
1303 1682 1440 1738 Nescis

258 1762 389 1793 autem
427 1751 519 1791 istos
558 1749 737 1791 homines
764 1765 897 1792 revera
923 1751 1055 1792 beatos
1082 1766 1164 1792 non
1192 1765 1299 1802 esse,
1339 1766 1438 1805 per-

257 1832 393 1873 peram
419 1827 566 1857 tantum
592 1817 826 1858 carminibus
848 1815 938 1857 tales
958 1817 1155 1857 celebrari.
1199 1818 1297 1858 Cum
1310 1833 1438 1873 porro

259 1886 432 1927 scelestos
459 1884 510 1928 ad
537 1885 694 1926 senilem
719 1888 924 1942 pervenire
949 1898 1130 1937 aetatem,
1159 1899 1198 1928 et
1222 1887 1435 1930 liberorum

257 1953 402 1994 liberos
438 1955 482 1993 in
520 1955 690 1995 maximis
730 1954 950 2011 relinquere
977 1955 1193 1996 honoribus
1219 1955 1436 2009 intelligas,

258 2036 406 2077 eosque
432 2036 503 2077 per
527 2024 610 2077 ipsa
636 2023 778 2064 scelera
804 2039 853 2064 ex
878 2024 1038 2076 ignobili
1063 2036 1169 2066 sorte
1193 2024 1244 2065 ad
1270 2039 1435 2077 regnum

255 2103 296 2133 et
348 2090 514 2129 maxima
563 2090 771 2131 ascendere
813 2106 971 2133 munera
986 2124 998 2144 ,
1053 2093 1216 2133 turbaris
1253 2092 1433 2132 mirifice.

255 2160 419 2201 Intimus
451 2169 580 2200 tamen
609 2159 672 2199 ille
699 2159 850 2201 divinae
863 2172 1017 2202 naturae
1032 2177 1168 2203 sensus
1180 2171 1283 2203 vetat
1295 2161 1432 2203 horum

256 2230 433 2270 omnium
458 2239 633 2269 auctores
658 2229 756 2267 Deos
782 2227 937 2281 dicere3
967 2245 1088 2284 quare
1111 2244 1157 2269 eo
1187 2228 1361 2284 delapsus
1374 2219 1430 2282 es,

257 2296 342 2337 ὥστ’
361 2294 449 2336 εἶναι
472 2297 539 2344 μὲν
549 2298 660 2338 δοκεῖν
671 2296 799 2341 αὐτούς
813 2324 827 2344 ,
841 2301 907 2336 τῶν
921 2297 957 2338 δὲ
972 2298 1185 2346 ἀνθρωπίνων
1197 2302 1433 2348 καταφρονεῖν

257 2364 481 2420 nummu
493 2367 733 2416 πραγμάτων.
780 2368 838 2409 Ne
855 2367 974 2419 igitur
990 2366 1085 2405 haec
1105 2366 1238 2420 opinio
1265 2368 1313 2407 ad
1340 2381 1429 2406 ma-

296 2523 347 2564 (1)
369 2524 451 2556 Lm.
476 2523 528 2556 lv.
553 2524 623 2565 716.
646 2523 684 2556 Α.
707 2524 741 2556 B.
