1700 3064
728 245 783 254 ·-
812 235 966 265 101·—

253 339 361 386 nullu
385 354 476 394 pura
495 351 601 380 extra
618 343 811 393 animum,
841 353 941 383 totus
972 342 1069 382 ratio
1096 340 1182 380 est’'
1213 339 1284 393 (ι).
1313 341 1422 381 Atne

253 409 366 448 nimis
403 407 577 450 SENECA
606 424 679 450 nos
705 421 857 461 teneat,
892 411 989 451 dum
1017 411 1265 464 PLAJrONEM
1287 411 1420 462 sequi-
1459 451 1460 454 Ἴ

253 489 354 516 mur.
412 474 475 516 Ad
502 476 604 518 hunc
629 491 874 519 revertamur.

306 544 350 584 Si
374 544 576 587 absolvere
596 547 756 587 velimus
769 575 783 596 ,
811 560 998 602 quantum
1028 548 1190 604 quidem
1210 546 1297 586 fieri
1322 558 1424 600 pos-

242 614 301 653 sit
315 644 327 664 ,
357 615 425 654 Dei
451 616 674 666 notionem,
718 630 814 669 quae
840 617 1061 658 PLA'roms
1089 616 1212 657 menti
1241 612 1426 655 insedisse

253 682 427 735 videtur,
465 684 580 724 dictis
616 685 835 725 etiamnunc
873 684 1051 726 addenda
1078 697 1138 727 est
1165 696 1327 726 aeterna
1353 683 1427 724 Dei

250 764 395 793 natura.
450 753 602 791 Etenim
635 750 684 791 ad
713 754 781 792 Dei
813 753 1033 794 PLAToms
1060 753 1329 794 definitionem
1346 752 1427 805 hoc

248 822 365 859 etiam
404 820 597 874 pertinet,
633 833 721 857 eum
758 820 806 858 ab
848 830 1002 861 aeterno
1035 822 1076 860 in
1103 833 1304 870 aeternum
1332 833 1424 860 esse.

251 888 401 943 Sponte
429 890 507 939 jam
530 886 671 927 exinde
687 887 767 928 hoc
781 877 1014 938 conficitur,
1044 889 1153 943 quod
1168 890 1212 929 in
1227 888 1425 931 Phaedro

250 958 418 1005 animus,
433 955 605 996 omnium
622 970 756 997 rerum
772 957 920 1011 primus
937 967 1086 1006 motorr
1096 959 1305 998 necessario
1319 959 1425 997 omni

251 1039 380 1064 carere
419 1026 531 1064 initio
571 1040 614 1063 ac
652 1025 733 1063 fine
772 1024 916 1065 dicitur
943 1024 1015 1079 (2).
1055 1026 1151 1065 Nam
1177 1025 1247 1080 qui
1273 1028 1428 1080 primus

252 1083 464 1133 materiam}
485 1104 592 1133 motu
618 1104 709 1147 apto
737 1095 848 1145 civit,
877 1108 1009 1141 rerum
1031 1102 1232 1134 ‘auctorem
1260 1089 1282 1132 εὶ
1308 1093 1423 1133 PLA-

251 1174 368 1203 ΤοΝΕ
407 1163 543 1202 haberi
568 1163 827 1214 cognovimus.
880 1162 993 1201 Mens
1020 1163 1149 1217 itaque
1175 1175 1308 1201 rerum
1330 1175 1426 1201 om-

251 1232 360 1271 nium
388 1245 500 1272 causa
521 1242 609 1271 ortu
636 1241 676 1271 et
695 1231 856 1270 intenitu
880 1241 1007 1270 eareat
1023 1245 1179 1271 necesse
1195 1241 1266 1270 est.
1303 1228 1422 1272 Vidi-

251 1296 335 1340 mus
375 1314 497 1355 porro
522 1301 649 1340 Deum
662 1331 675 1350 ‚
715 1293 844 1353 aeque'
877 1311 995 1355 atque
1020 1300 1128 1342 meas
1153 1312 1193 1340 et
1218 1301 1425 1341 Materiam

250 1383 384 1409 rerum
422 1370 525 1408 inter
562 1369 673 1409 initia
713 1368 894 1414 collocari
930 1385 952 1407 a
990 1370 1228 1419 ΡιΑΤοΝΕς
1271 1371 1425 1410 initium

250 1446 400 1486 autem,
434 1436 523 1490 ipso
547 1434 699 1486 judice,
729 1449 884 1489 semper
909 1435 1008 1486 fuit3
1038 1451 1126 1475 nam
1154 1450 1199 1477 ex
1226 1450 1274 1475 eo
1302 1435 1428 1491 quid-

251 1503 349 1559 quid
376 1514 580 1556 generatur
605 1504 700 1545 oriri
726 1502 870 1552 debet3
899 1504 1055 1543 initium
1082 1514 1209 1543 autem
1225 1518 1270 1543 ex
1290 1503 1425 1556 nu1103

251 1574 506 1629 caeteroquin
540 1574 691 1614 initium
720 1587 802 1613 non
827 1582 936 1612 esset
956 1566 1028 1625 (3).
1070 1573 1171 1612 Nam
1199 1587 1327 1627 neque
1354 1573 1429 1612 fuit

250 1642 385 1690 aliuss
406 1656 428 1681 e
454 1642 642 1682 sententia
672 1636 893 1681 PLATONIS
909 1671 920 1691 ‚
962 1656 990 1679 av
1011 1655 1091 1695 quo
1117 1641 1221 1679 Deus
1250 1641 1426 1696 unquam

250 1713 374 1752 creari
397 1713 580 1767 potnerit.
619 1713 743 1751 Porro
769 1710 905 1761 Ideae,
933 1725 1031 1765 quae
1058 1722 1178 1751 totam
1208 1711 1280 1750 Dei
1304 1712 1427 1752 οὐσίαν

250 1781 511 1830 constituunt,
539 1791 629 1819 sunt
655 1781 693 1819 τί
715 1780 756 1819 τὸ
781 1780 816 1819 ὅν
839 1780 895 1819 ἀεὶ
914 1779 985 1833 (4).
1015 1780 1166 1819 Diserte
1181 1790 1310 1819 autem
1326 1794 1422 1819 seu-

248 1851 404 1890 tentiam
443 1850 619 1890 enuntiat
644 1848 687 1887 in
720 1850 911 1899 Timaeo,
955 1862 1045 1888 cum
1071 1849 1198 1888 Deum
1225 1848 1427 1899 futurum,

249 1916 460 1967 Mundum,
489 1916 575 1956 Deo
588 1946 600 1962 ,
624 1918 692 1971 qui
705 1931 858 1971 semper
871 1928 947 1967 est,
966 1919 1160 1971 opponit:
1181 1916 1278 1962 οὗτος
1299 1919 1340 1963 δὴ
1353 1921 1427 1963 πᾶς

248 1987 340 2031 ὄντες
380 1986 435 2026 ἀεὶ
474 1986 648 2035 λογισμὸς
673 1987 747 2025 θεοῦ
773 1985 850 2048 περὶ
874 1986 934 2026 τὸν
957 1988 1045 2027 ποτὲ
1070 1987 1234 2036 ἐσόμενον
1256 1988 1330 2028 θεὸν
1353 1986 1425 2042 (5).

248 2056 375 2106 Hinc,
403 2054 510 2112 quod
534 2057 662 2111 ipsum
689 2058 814 2096 Deum
842 2071 926 2097 non
954 2057 1028 2096 nisi
1053 2057 1282 2098 immortalia
1295 2070 1423 2096 creare

290 2211 342 2252 (ι)
363 2212 432 2247 Nat.
454 2218 568 2255 quaest.
589 2212 684 2254 praes.

287 2274 339 2317 (α)
361 2275 511 2312 Panum.
534 2278 607 2313 24⁵-
630 2277 666 2310 C·
688 2289 770 2322 seqq·

289 2342 340 2382 (5)
361 2340 510 2375 Panna.
536 2324 609 2377 345.
634 2331 673 2376 ω’.

286 2404 345 2442 (4)
368 2404 444 2438 Tm.
466 2405 519 2437 28.
543 2408 579 2437 A.
606 2406 656 2438 51.
679 2407 718 2437 D.

289 2469 340 2511 (5)
363 2468 411 2501 Ib.
431 2468 482 2508 54.
505 2470 542 2499 Α.
