1700 3064
734 260 948 285 ...2—

247 363 342 404 huic
380 365 587 405 hominum
624 366 755 416 generi
793 365 1034 418 composita,
1077 376 1273 422 tamquam
1299 365 1429 407 divina

247 431 507 481 audiebantur
533 431 713 484 oracula}
744 442 784 474 et
810 433 866 474 sic
885 432 1073 474 uberrimi
1082 433 1301 477 andebam
1315 450 1429 476 erro-

250 518 341 542 rum
381 514 419 542 et
457 503 663 558 impietatis
698 503 840 543 fontes.
885 503 1037 551 Mores,
1075 493 1270 545 crescente
1298 505 1430 545 Athe-

249 585 390 610 narum
417 569 520 610 fama
545 581 586 610 et
610 572 779 626 imperio
791 564 809 623 ,'
851 571 1203 625 corrumpebantur
1228 574 1429 613 uberrimo

246 639 473 680 divitiarum
514 655 586 681 usu
625 650 665 679 et
692 640 800 681 novis
829 641 972 681 exortis
999 639 1157 689 studiis3
1199 654 1279 694 quo
1307 644 1432 682 rarior

242 708 361 747 etiam
404 723 497 749 vera
535 709 651 747 animi
691 709 827 762 pietas.
883 710 971 764 Ipsa
1009 709 1089 749 hoc
1130 708 1218 747 satis
1257 710 1432 762 probant

242 777 382 817 summi
420 776 657 833 philosophi
688 778 845 831 scripta.
901 777 1063 831 Quoties
1097 778 1204 816 enim
1231 778 1429 831 virorum,

243 843 393 897 (σόφόυς
419 838 890 897 istos1voeabat·'xvulgus',
930 832 1119 886 vocabant
1145 860 1184 889 se
1211 837 1326 900 ipsil)
1366 845 1432 885 tali

240 912 445 967 impietatis
471 911 559 952 labe
586 913 821 954 infectorum
846 915 888 953 in
915 915 960 954 iis
982 914 1030 954 fit
1055 915 1225 955 mentio!
1270 913 1430 967 Quoties

238 982 404 1020 istorum
440 981 657 1021 sententias
697 982 868 1035 optimus
894 982 1149 1031 Somarns,
1191 983 1427 1032 Tmaaus,

240 1060 306 1089 aut
329 1050 551 1089 HosPITEs
568 1081 579 1100 ,
610 1051 680 1103 qui
697 1051 917 1091 PLATONIS
935 1061 1052 1102 agunt
1068 1062 1201 1105 partes
1213 1082 1226 1101 ‚
1256 1051 1431 1091 refellere

240 1118 318 1164 suis
346 1118 591 1157 sermonibus
617 1116 801 1157 student!

293 1185 354 1227 Ne
384 1195 512 1224 tamen
539 1184 627 1238 quis
653 1194 792 1236 putet,
830 1184 874 1222 ea
887 1198 909 1233 ‚·
929 1185 1009 1238 qua
1035 1186 1078 1223 in
1106 1184 1431 1240 philosophando

240 1253 330 1292 alias
356 1265 435 1292 esse
461 1251 582 1302 solet,
612 1250 814 1292 doctrinae
835 1263 875 1292 et
889 1253 1036 1303 ingenii
1053 1252 1235 1292 ubertate
1252 1254 1427 1294 Pano-

240 1334 334 1363 ΝΕΜ
360 1320 585 1376 quaesivisse
614 1331 864 1372 argumenta,
902 1333 944 1361 ut
969 1320 1050 1361 aliis
1076 1323 1289 1375 probaret,
1330 1324 1430 1363 Deos

241 1403 354 1431 esse.:
387 1390 448 1429 Ne
477 1388 563 1443 quis
589 1399 699 1428 acuta
725 1387 867 1437 multa,
912 1403 1012 1429 nova
1042 1403 1086 1428 ac
1113 1389 1293 1429 sublimia
1319 1383 1385 1430 bic
1404 1405 1426 1429 a

240 1457 465 1499 Socaans
489 1468 648 1511 quaerat
675 1455 878 1511 discipulo.
921 1457 1104 1497 Firmiter
1119 1459 1198 1513 ipsi
1212 1457 1263 1497 de
1279 1459 1337 1498 rei
1354 1473 1425 1498 ve-

240 1527 357 1566 ritate
384 1535 470 1565 erat
494 1539 723 1579 persuasum
737 1542 748 1564 ι
775 1524 845 1565 sed
871 1525 1011 1565 natura
1030 1524 1132 1566 duce
1148 1528 1311 1567 maxime
1324 1541 1364 1565 se
1379 1541 1426 1566 eo

239 1593 337 1634 ferri
363 1594 607 1649 patiebatur,
646 1593 742 1634 ferri
769 1607 907 1634 omnes
935 1593 1069 1634 voluit.
1113 1596 1310 1647 Cogitavit
1325 1606 1429 1636 certe

238 1673 427 1704 etsecum
443 1663 657 1717 reputavit,
683 1677 768 1702 rem
786 1676 867 1702 esse
884 1662 1061 1714 arduam,
1079 1663 1246 1718 periculi
1257 1664 1428 1719 plenam:

236 1742 463 1785 argumenta
485 1732 635 1781 afferre,
655 1731 804 1771 cur-Dii
820 1732 921 1781 sint3
944 1730 1197 1772 credentibus
1213 1732 1321 1772 facile
1332 1743 1430 1772 *nota

236 1802 301 1842 illa
327 1802 502 1842 sufficere
528 1799 580 1840 ad
606 1799 728 1841 fidem
747 1786 1015 1850 firmandam,
1043 1800 1274 1854 negantibus
1291 1811 1430 1857 parum

238 1870 470 1925 plerumque
486 1869 536 1910 ad
550 1870 726 1910 ἀπιστίαν
740 1868 926 1909 radicitus
943 1868 1196 1910 evellendam.
1224 1870 1424 1918 Novimus,

239 1938 349 1996 quod
366 1938 623 1981 Academicus
639 1941 755 1981 Cotta
768 1938 890 1980 Balbo
906 1940 1058 1992 objicit3
1079 1954 1199 1995 quem
1216 1954 1301 1979 cum
1314 1940 1429 1980 Cotta

236 2008 393 2057 multis,
422 2010 525 2049 Deos
549 2015 651 2059 esse,
679 2009 850 2063 probare
868 2019 1048 2049 conatum
1062 2007 1294 2057 audivisset,
1321 2025 1343 2049 «
1363 2006 1426 2045 af-

234 2078 344 2118 sers⁹⁹
369 2077 525 2132 inquit,
544 2095 575 2135 ¹«
597 2076 692 2115 haec
716 2076 848 2124 omnia
867 2087 1112 2128 argumenta,
1142 2092 1213 2117 cur
1235 2077 1300 2116 Dii
1325 2076 1427 2123 sint,

234 2160 401 2201 remque
419 2145 507 2185 mea
524 2142 716 2184 sententia
734 2143 891 2182 minime
906 2141 1067 2183 dubiam
1079 2174 1092 2195 ,
1120 2141 1424 2196 argumentando

234 2214 396 2257 dubiam
412 2215 520 2256 facis.
542 2239 599 2248 —
623 2214 713 2254 Non
740 2213 859 2267 igitur
876 2211 1005 2253 adhuc
1018 2211 1035 2265 ,⁶
1060 2224 1250 2269 quantum
1268 2211 1425 2269 quidem

234 2285 277 2324 in
304 2295 367 2335 te,
406 2283 524 2324 Balbe
543 2312 555 2334 ‚
592 2293 673 2332 est,
708 2281 900 2335 intelligo,
929 2283 1028 2322 Deos
1042 2295 1123 2322 esse
1137 2311 1151 2334 ,
1180 2292 1280 2339 quos
1306 2280 1420 2337 equi-

236 2353 329 2394 dem
357 2353 478 2394 credo
504 2369 610 2400 esse,
640 2351 711 2394 sed
739 2351 838 2393 nihil
865 2351 1010 2394 docent
1036 2352 1187 2394 Stoici''
1205 2352 1279 2406 (1).
1394 2343 1397 2346 ’

274 2508 326 2550 (ι)
350 2507 418 2541 Cxc·
441 2506 510 2542 Nat.
532 2507 572 2540 D·
595 2508 648 2538 111.
671 2508 703 2542 4.
727 2518 757 2549 7.
